,"Trans Date and
Time",Value Date,Transaction Details,"Ref/Cheque
No",Debit,Credit,Balance,Unnamed: 0,Unnamed: 1,Unnamed: 2,Unnamed: 3,Unnamed: 4,Unnamed: 5,"Trans Date and
Value Date
Time","Ref/Cheque
Debit
Credit
Balance
No",Unnamed: 6
0,14/02/21 16:32,14/02/21,"UPI/MOB/104516494005/Zomato
payment",,145.00,,"41,545.51Cr",,,,,,,,,
1,14/02/21 18:38,14/02/21,"POS-VISA/Resilient Innovations New
Delh/1045187896",,140.00,,"41,405.51Cr",,,,,,,,,
2,14/02/21 22:33,14/02/21,"POS-VISA/THE BREW
ESTATE/104517042255",,"2,000.00",,"39,405.51Cr",,,,,,,,,
3,15/02/21 17:30,15/02/21,"IMPS-RIB/Fund Trf/104617901374/lav
gupta/157087803952INDB/",,"20,285.00",,"19,120.51Cr",,,,,,,,,
4,15/02/21 17:33,15/02/21,"IMPS-INET/Fund
Trf/104617100989/LAVGUPTA/157087803
952/ThailandRefund",,,"20,285.00","39,405.51Cr",,,,,,,,,
5,16/02/21 14:30,16/02/21,"IMPS-RIB/Fund Trf/104714033757/lav
gupta/157087803952INDB/",,5.00,,"39,400.51Cr",,,,,,,,,
6,16/02/21 19:45,16/02/21,"POS-VISA/KRISHAN KUMAR
GARG/104719478077",,680.00,,"38,720.51Cr",,,,,,,,,
7,16/02/21 19:48,16/02/21,"ATM-NFS/CASH
WITHDRAWAL/INDUSIND/104719005334",,"5,000.00",,"33,720.51Cr",,,,,,,,,
8,17/02/21 08:30,17/02/21,UPI/MOB/104808303883/UberRide,,147.00,,"33,573.51Cr",,,,,,,,,
9,17/02/21 11:38,17/02/21,UPI/MOB/104811470218/UPI,,"3,200.00",,"30,373.51Cr",,,,,,,,,
10,17/02/21 11:49,17/02/21,UPI/MOB/104811770603/UPI,,500.00,,"29,873.51Cr",,,,,,,,,
11,17/02/21 13:30,17/02/21,UPI/MOB/104813905351/UPI,,600.00,,"29,273.51Cr",,,,,,,,,
12,17/02/21 18:38,17/02/21,"POS-VISA/KRISHAN KUMAR
GARG/104818993972",,150.00,,"29,123.51Cr",,,,,,,,,
13,18/02/21 11:25,18/02/21,UPI/MOB/104911667902/Upi Transaction,,"1,000.00",,"28,123.51Cr",,,,,,,,,
14,18/02/21 12:25,18/02/21,UPI/MOB/104912536222/UPI,,"1,000.00",,"27,123.51Cr",,,,,,,,,
15,18/02/21 12:27,18/02/21,"UPI/MOB/104912588063/Payment for
ML0498950339",,489.00,,"26,634.51Cr",,,,,,,,,
16,18/02/21 13:44,18/02/21,"UPI/MOB/104913508944/IndiGo Google
Pay Payment",,198.00,,"26,436.51Cr",,,,,,,,,
17,18/02/21 14:27,18/02/21,"IMPS-MOB/Fund
Trf/104914253919/34116625/15708780395
2/",,,"28,943.00","55,379.51Cr",,,,,,,,,
18,18/02/21 18:28,18/02/21,"POS-VISA/UMBRELLA THE SUPER STOZIR
-ZIRA/1049120932",,972.00,,"54,407.51Cr",,,,,,,,,
19,18/02/21 20:19,18/02/21,"UPI/MOB/104920439838/Zomato
payment",,224.00,,"54,183.51Cr",,,,,,,,,
20,18/02/21 20:33,18/02/21,"POS-VISA/KRISHAN KUMAR
GARG/104920660259",,400.00,,"53,783.51Cr",,,,,,,,,
21,19/02/21 18:27,19/02/21,"POS-VISA/KRISHAN KUMAR
GARG/105018123343",,150.00,,"53,633.51Cr",,,,,,,,,
0,,,,,,,,Date,Transaction Particulars,Ch No,Debit,Credit,Balance,,,
1,,,,,,,,17/10/2018 BY CASH,,,,"2,000.00","2,000.00",,,
2,,,,,,,,20/10/2018 APY-SI-90220-20/10/2018,,,151.00,,"1,849.00",,,
3,,,,,,,,30/10/2018 NFSD/BWCW102106//08:24:30/830308028405,,,"1,500.00",,349.00,,,
4,,,,,,,,01/11/2018 UPI/830513567421/karan/UTIB/910010029790637/Pay to,,,,"19,000.00","19,349.00",,,
5,,,,,,,,01/11/2018 IMPS/830513336199/P2A/PTM/AMA GHARAMI/comments,,,,100.00,"19,449.00",,,
6,,,,,,,,01/11/2018 IMPS/830513336496/P2A/PTM/AMA GHARAMI/comments,,,,"9,600.00","29,049.00",,,
7,,,,,,,,,01/11/2018 IMPS/830513338488/P2A/PTM/AJESWARI NASKAR/comments,,,100.00,"29,149.00",,,
8,,,,,,,,,01/11/2018 IMPS/830513338858/P2A/PTM/AJESWARI NASKAR/comments,,,"7,700.00","36,849.00",,,
9,,,,,,,,01/11/2018 UPI/830513567452/karan/UTIB/910010029790637/Pay to,,,,"3,000.00","39,849.00",,,
10,,,,,,,,01/11/2018 NFSD/S1BW000213//14:25:42/830514030954,,,"10,000.00",,"29,849.00",,,
11,,,,,,,,01/11/2018 NFSD/S1BW000213//14:26:14/830514030967,,,"10,000.00",,"19,849.00",,,
12,,,,,,,,01/11/2018 NFSD/S1BW000213//14:26:46/830514030981,,,"10,000.00",,"9,849.00",,,
13,,,,,,,,01/11/2018 POS/JAMTARA J/DIGITAL TELE/830518843211,,,"8,000.00",,"1,849.00",,,
14,,,,,,,,02/11/2018 IMPS/830613087904/P2A/PTM/HAYRAN MOLLA/comments,,,,100.00,"1,949.00",,,
15,,,,,,,,02/11/2018 IMPS/830613088132/P2A/PTM/HAYRAN MOLLA/comments,,,,"23,400.00","25,349.00",,,
16,,,,,,,,02/11/2018 NFSD/GFNV000213//13:29:40/830613030111,,,"10,023.60",,"15,325.40",,,
17,,,,,,,,02/11/2018 NFSD/GFNV000213//13:30:16/830613030170,,,"10,023.60",,"5,301.80",,,
18,,,,,,,,02/11/2018 NFSD/GFNV000213//13:30:55/830613030225,,,"4,523.60",,778.20,,,
19,,,,,,,,,02/11/2018 IMPS/830613104110/P2A/PTM/BDUL HANNAN MIR/comments,,,"1,900.00","2,678.20",,,
20,,,,,,,,02/11/2018 Mini Stmt Tran,,,9.44,,"2,668.76",,,
21,,,,,,,,02/11/2018 Mini Stmt Tran,,,9.44,,"2,659.32",,,
22,,,,,,,,03/11/2018 IMPS/830614118388/02112018/F01,,,,"6,900.00","9,559.32",,,
23,,,,,,,,03/11/2018 IMPS/830718966768/P2A/PTM/BDUL MANNAN GHARAMI/,,,,"24,900.00","34,459.32",,,
24,,,,,,,,03/11/2018 IMPS/830718967201/P2A/PTM/BDUL MANNAN GHARAMI/,,,,"5,000.00","39,459.32",,,
25,,,,,,,,03/11/2018 Mini Stmt Tran,,,9.44,,"39,449.88",,,
26,,,,,,,,03/11/2018 NFSD/GFNV000213//18:25:54/830718011702,,,"10,023.60",,"29,426.28",,,
27,,,,,,,,03/11/2018 NFSD/GFNV000213//18:26:28/830718011745,,,"10,023.60",,"19,402.68",,,
28,,,,,,,,03/11/2018 NFSD/GFNV000213//18:27:05/830718011813,,,"10,023.60",,"9,379.08",,,
29,,,,,,,,03/11/2018 IMPS/830718991854/P2A/PTM/ISWAJIT GOUNE/comments,,,,"5,000.00","14,379.08",,,
30,,,,,,,,03/11/2018 IMPS/830718995562/P2A/PTM/ISWAJIT GOUNE/comments,,,,"4,990.00","19,369.08",,,
31,,,,,,,,03/11/2018 IMPS/830718995727/P2A/PTM/ISWAJIT GOUNE/comments,,,,"4,999.00","24,368.08",,,
32,,,,,,,,03/11/2018 IMPS/830718997063/P2A/PTM/ISWAJIT GOUNE/comments,,,,"3,800.00","28,168.08",,,
33,,,,,,,,04/11/2018 Mini Stmt Tran,,,9.44,,"28,158.64",,,
34,,,,,,,,04/11/2018 Mini Stmt Tran,,,9.44,,"28,149.20",,,
35,,,,,,,,05/11/2018 NFSD/S1NB000213//08:18:21/830908010804,,,"10,023.60",,"18,125.60",,,
36,,,,,,,,05/11/2018 NFSD/S1NB000213//08:19:14/830908010838,,,"10,023.60",,"8,102.00",,,
37,,,,,,,,05/11/2018 NFSD/S1NB000213//08:20:09/830908010864,,,"7,523.60",,578.40,,,
38,,,,,,,,05/11/2018 APY-SI-90220-05/11/2018,,,151.00,,427.40,,,
39,,,,,,,,06/11/2018 IMPS/831014070694/P2A/PTM/SHA SINGH/,,,,"16,000.00","16,427.40",,,
40,,,,,,,,06/11/2018 IMPS/831014073033/P2A/PTM/SHA SINGH/,,,,"9,000.00","25,427.40",,,
41,,,,,,,,06/11/2018 NFSD/S1BW000213//15:06:59/831015008188,,,"10,023.60",,"15,403.80",,,
0,,,Opening Balance,,,,"18,326.26Cr",,,,,,,,,
1,01/01/21 12:57,01/01/21,UPI/MOB/100112958632/UPI,,"3,300.00",,"15,026.26Cr",,,,,,,,,
2,01/01/21 18:15,01/01/21,"IMPS-RIB/Fund Trf/100118926686/lav
gupta/157087803952INDB/",,"1,000.00",,"14,026.26Cr",,,,,,,,,
3,01/01/21 20:40,01/01/21,UPI/MOB/100120156947/UPI,,330.00,,"13,696.26Cr",,,,,,,,,
4,02/01/21 11:10,02/01/21,"UPI/MOB/100211719254/BhartiAirtelLimite
dPBPostpaid",,706.00,,"12,990.26Cr",,,,,,,,,
5,02/01/21 13:02,02/01/21,"POS-VISA/Google
Adwords/100207738140",,1.00,,"12,989.26Cr",,,,,,,,,
6,02/01/21 13:11,02/01/21,"POS-VISA/Google
Adwords/100207742570",,"3,233.27",,"9,755.99Cr",,,,,,,,,
7,02/01/21 13:26,02/01/21,UPI/MOB/100213736576/Upi Transaction,,700.00,,"9,055.99Cr",,,,,,,,,
8,02/01/21 16:17,02/01/21,"REF/POS-VISA/PETRO INDIA
FIL/234863/311220",,,5.25,"9,061.24Cr",,,,,,,,,
9,03/01/21 17:27,03/01/21,"POS-VISA/KRISHAN KUMAR
GARG/100317936248",,450.00,,"8,611.24Cr",,,,,,,,,
10,03/01/21 17:36,03/01/21,"POS-VISA/UMBRELLA THE SUPER
STOZIRAKPUR/1003124123",,382.00,,"8,229.24Cr",,,,,,,,,
11,04/01/21 18:33,04/01/21,"ATM-NFS/CASH WITHDRAWAL/PEER
MUCH/100418030935",,"1,000.00",,"7,229.24Cr",,,,,,,,,
12,04/01/21 20:57,04/01/21,"UPI/MOB/100420851445/ZomatoOnlineOr
der",,140.00,,"7,089.24Cr",,,,,,,,,
13,05/01/21 16:11,05/01/21,"IMPS-MOB/Fund
Trf/100516895475/34116625/15708780395
2/",,,"42,900.00","49,989.24Cr",,,,,,,,,
0,14/02/21 16:32,14/02/21,"UPI/MOB/104516494005/Zomato
payment",,145.00,,"41,545.51Cr",,,,,,,,,
1,14/02/21 18:38,14/02/21,"POS-VISA/Resilient Innovations New
Delh/1045187896",,140.00,,"41,405.51Cr",,,,,,,,,
2,14/02/21 22:33,14/02/21,"POS-VISA/THE BREW
ESTATE/104517042255",,"2,000.00",,"39,405.51Cr",,,,,,,,,
3,15/02/21 17:30,15/02/21,"IMPS-RIB/Fund Trf/104617901374/lav
gupta/157087803952INDB/",,"20,285.00",,"19,120.51Cr",,,,,,,,,
4,15/02/21 17:33,15/02/21,"IMPS-INET/Fund
Trf/104617100989/LAVGUPTA/157087803
952/ThailandRefund",,,"20,285.00","39,405.51Cr",,,,,,,,,
5,16/02/21 14:30,16/02/21,"IMPS-RIB/Fund Trf/104714033757/lav
gupta/157087803952INDB/",,5.00,,"39,400.51Cr",,,,,,,,,
6,16/02/21 19:45,16/02/21,"POS-VISA/KRISHAN KUMAR
GARG/104719478077",,680.00,,"38,720.51Cr",,,,,,,,,
7,16/02/21 19:48,16/02/21,"ATM-NFS/CASH
WITHDRAWAL/INDUSIND/104719005334",,"5,000.00",,"33,720.51Cr",,,,,,,,,
8,17/02/21 08:30,17/02/21,UPI/MOB/104808303883/UberRide,,147.00,,"33,573.51Cr",,,,,,,,,
9,17/02/21 11:38,17/02/21,UPI/MOB/104811470218/UPI,,"3,200.00",,"30,373.51Cr",,,,,,,,,
10,17/02/21 11:49,17/02/21,UPI/MOB/104811770603/UPI,,500.00,,"29,873.51Cr",,,,,,,,,
11,17/02/21 13:30,17/02/21,UPI/MOB/104813905351/UPI,,600.00,,"29,273.51Cr",,,,,,,,,
12,17/02/21 18:38,17/02/21,"POS-VISA/KRISHAN KUMAR
GARG/104818993972",,150.00,,"29,123.51Cr",,,,,,,,,
13,18/02/21 11:25,18/02/21,UPI/MOB/104911667902/Upi Transaction,,"1,000.00",,"28,123.51Cr",,,,,,,,,
14,18/02/21 12:25,18/02/21,UPI/MOB/104912536222/UPI,,"1,000.00",,"27,123.51Cr",,,,,,,,,
15,18/02/21 12:27,18/02/21,"UPI/MOB/104912588063/Payment for
ML0498950339",,489.00,,"26,634.51Cr",,,,,,,,,
16,18/02/21 13:44,18/02/21,"UPI/MOB/104913508944/IndiGo Google
Pay Payment",,198.00,,"26,436.51Cr",,,,,,,,,
17,18/02/21 14:27,18/02/21,"IMPS-MOB/Fund
Trf/104914253919/34116625/15708780395
2/",,,"28,943.00","55,379.51Cr",,,,,,,,,
18,18/02/21 18:28,18/02/21,"POS-VISA/UMBRELLA THE SUPER STOZIR
-ZIRA/1049120932",,972.00,,"54,407.51Cr",,,,,,,,,
19,18/02/21 20:19,18/02/21,"UPI/MOB/104920439838/Zomato
payment",,224.00,,"54,183.51Cr",,,,,,,,,
20,18/02/21 20:33,18/02/21,"POS-VISA/KRISHAN KUMAR
GARG/104920660259",,400.00,,"53,783.51Cr",,,,,,,,,
21,19/02/21 18:27,19/02/21,"POS-VISA/KRISHAN KUMAR
GARG/105018123343",,150.00,,"53,633.51Cr",,,,,,,,,
0,20/02/21 11:51,20/02/21,"IMPS-RIB/Fund Trf/105111664088/lav
gupta/157087803952INDB/",,"23,000.00",,"30,633.51Cr",,,,,,,,,
1,20/02/21 17:19,20/02/21,"POS-VISA/TRUCK SUPPLIERS
CORPORPINJORE /1051117406",,500.00,,"30,133.51Cr",,,,,,,,,
2,21/02/21 00:10,21/02/21,UPI/MOB/105200115056/UPI,,"5,497.00",,"24,636.51Cr",,,,,,,,,
3,21/02/21 00:19,21/02/21,UPI/MOB/105200197184/UPI,,600.00,,"24,036.51Cr",,,,,,,,,
4,21/02/21 12:57,21/02/21,UPI/MOB/105212484829/UPI,,120.00,,"23,916.51Cr",,,,,,,,,
5,21/02/21 17:13,21/02/21,"UPI/MOB/105217677435/IndiGo Google
Pay Payment",,598.00,,"23,318.51Cr",,,,,,,,,
6,21/02/21 19:15,21/02/21,UPI/MOB/105219578539/UPI,,28.00,,"23,290.51Cr",,,,,,,,,
7,22/02/21 14:52,22/02/21,"IMPS-MOB/Fund
Trf/105314719184/34116625/157087803952
/",,,"24,410.00","47,700.51Cr",,,,,,,,,
8,22/02/21 16:34,22/02/21,"REF/POS-VISA/HPCL 0.75%
CASH/680355/200221",,,3.75,"47,704.26Cr",,,,,,,,,
9,22/02/21 16:56,22/02/21,"POS-VISA/IOCL PUMP,/105311151992",,500.00,,"47,204.26Cr",,,,,,,,,
10,22/02/21 18:18,22/02/21,"POS-VISA/KRISHAN KUMAR
GARG/105318054038",,700.00,,"46,504.26Cr",,,,,,,,,
11,22/02/21 18:26,22/02/21,UPI/MOB/105318825272/UPI,,"2,000.00",,"44,504.26Cr",,,,,,,,,
12,22/02/21 19:21,22/02/21,"UPI/MOB/105319399601/ZomatoOnlineOr
der",,300.00,,"44,204.26Cr",,,,,,,,,
13,22/02/21 20:57,22/02/21,UPI/MOB/105320169161/UPI,,600.00,,"43,604.26Cr",,,,,,,,,
14,22/02/21 21:02,22/02/21,UPI/MOB/105321288735/UPI,,550.00,,"43,054.26Cr",,,,,,,,,
15,22/02/21 21:14,22/02/21,"ATM-NFS/CASH
WITHDRAWAL/INDUSIND/105321028225",,"3,000.00",,"40,054.26Cr",,,,,,,,,
16,23/02/21 08:45,23/02/21,UPI/MOB/105408574547/UberRide,,100.00,,"39,954.26Cr",,,,,,,,,
17,23/02/21 10:26,23/02/21,"ATM-NFS/CASH WITHDRAWAL/AIRPORT
C/105410008903",,"3,000.00",,"36,954.26Cr",,,,,,,,,
18,23/02/21 10:36,23/02/21,"POS-VISA/LIQUOR
WORLD/105405664573",,600.00,,"36,354.26Cr",,,,,,,,,
19,23/02/21 10:38,23/02/21,"POS-VISA/MSW*SAPTAGIRI
RESTAURARupnagar/1054109982",,230.00,,"36,124.26Cr",,,,,,,,,
20,23/02/21 11:15,23/02/21,"POS-VISA/MSW*SAPTAGIRI
RESTAURARupnagar/1054110060",,160.00,,"35,964.26Cr",,,,,,,,,
21,23/02/21 11:17,23/02/21,"POS-VISA/LIQUOR
WORLD/105405676340",,600.00,,"35,364.26Cr",,,,,,,,,
22,23/02/21 15:29,23/02/21,UPI/MOB/105415741644/UPI,,388.00,,"34,976.26Cr",,,,,,,,,
23,23/02/21 23:19,23/02/21,"POS-VISA/MSW*PRIATES
CAFE/105423198568",,"1,430.00",,"33,546.26Cr",,,,,,,,,
0,,,,,,,,,,,,,,,,
1,,,"UPI/MOB/105500476716/patron bar
dinner",,,,,,24/02/21,,,840.00,,24/02/21 00:35,,"32,706.26Cr"
2,,,UPI/MOB/105511662997/cab self drive,,,,,,24/02/21,,,"2,800.00",,24/02/21 11:24,,"29,906.26Cr"
3,,,UPI/MOB/105513075721/kokum juice,,,,,,24/02/21,,,160.00,,24/02/21 13:39,,"29,746.26Cr"
4,,,"REF/POS-VISA/IOCL PUMP
/235030/220221",,,,,,24/02/21,,,,3.75,24/02/21 16:07,,"29,750.01Cr"
5,,,UPI/MOB/105516607957/lunch at arambol,,,,,,24/02/21,,,820.00,,24/02/21 16:17,,"28,930.01Cr"
6,,,"POS-VISA/C AND M
ENTERPRISES/105609312696",,,,,,25/02/21,,,"2,000.00",,25/02/21 15:08,,"26,930.01Cr"
7,,,UPI/MOB/105619151840/Verified Merchant,,,,,,25/02/21,,,"1,010.00",,25/02/21 19:18,,"25,920.01Cr"
8,,,UPI/MOB/105619238121/UPI,,,,,,25/02/21,,,"3,150.00",,25/02/21 19:21,,"22,770.01Cr"
9,,,"POS-VISA/TITLIE HOSPITALITY
LLPANJUNA/105617755253",,,,,,25/02/21,,,"5,207.00",,25/02/21 23:15,,"17,563.01Cr"
10,,,UPI/MOB/105623769891/UPI,,,,,,25/02/21,,,580.00,,25/02/21 23:46,,"16,983.01Cr"
11,,,"POS-VISA/ANGRY SARDAR
COURTYARDANJUNA/105719763908",,,,,,26/02/21,,,"1,395.00",,26/02/21 00:33,,"15,588.01Cr"
12,,,"UPI/MOB/105711465761/IndiGo Google Pay
Payment",,,,,,26/02/21,,,250.00,,26/02/21 11:07,,"15,338.01Cr"
13,,,"UPI/MOB/105711490272/IndiGo Google
Pay Payment",,,,,,26/02/21,,,400.00,,26/02/21 11:09,,"14,938.01Cr"
14,,,"UPI/MOB/105711963221/IndiGo Google Pay
Payment",,,,,,26/02/21,,,99.00,,26/02/21 11:20,,"14,839.01Cr"
15,,,"UPI/MOB/105711131004/IndiGo Google Pay
Payment",,,,,,26/02/21,,,250.00,,26/02/21 11:26,,"14,589.01Cr"
16,,,UPI/MOB/105713768806/UPI,,,,,,26/02/21,,,"5,330.00",,26/02/21 13:14,,"9,259.01Cr"
17,,,POS-VISA/vaango 1/105712745464,,,,,,26/02/21,,,388.00,,26/02/21 18:16,,"8,871.01Cr"
18,,,UPI/MOB/105718906869/UPI,,,,,,26/02/21,,,500.00,,26/02/21 18:19,,"8,371.01Cr"
19,,,UPI/MOB/105718398192/UPI,,,,,,26/02/21,,,405.00,,26/02/21 18:37,,"7,966.01Cr"
20,,,POS-VISA/LIQUOR WORLD/105717883663,,,,,,26/02/21,,,900.00,,26/02/21 23:06,,"7,066.01Cr"
21,,,"UPI/MOB/105800859644/ZomatoOnlineOr
der",,,,,,26/02/21,,,440.00,,26/02/21 00:23,,"6,626.01Cr"
22,,,"REF/POS-VISA/C AND M
ENTERPR/513924/250221",,,,,,27/02/21,,,,15.0,27/02/21 17:51,,"6,641.01Cr"
23,,,"POS-VISA/KRISHAN KUMAR
GARG/105819036953",,,,,,27/02/21,,,390.00,,27/02/21 19:47,,"6,251.01Cr"
0,27/02/21 21:38,27/02/21,UPI/MOB/105821657928/Zomato payment,,467.00,,"5,784.01Cr",,,,,,,,,
1,28/02/21 14:59,28/02/21,"POS-VISA/KRISHAN KUMAR
GARG/105914465926",,450.00,,"5,334.01Cr",,,,,,,,,
2,28/02/21 22:02,28/02/21,"POS-VISA/KRISHAN KUMAR
GARG/105922800004",,250.00,,"5,084.01Cr",,,,,,,,,
3,28/02/21 22:06,28/02/21,UPI/MOB/105922514112/UPI,,180.00,,"4,904.01Cr",,,,,,,,,
4,01/03/21 11:52,01/03/21,UPI/MOB/106011352086/cable,,380.00,,"4,524.01Cr",,,,,,,,,
5,01/03/21 21:04,01/03/21,"UPI/MOB/106021871851/Payment made to
Merchant",,320.00,,"4,204.01Cr",,,,,,,,,
6,01/03/21 21:19,01/03/21,UPI/MOB/106021343174/UPI,,40.00,,"4,164.01Cr",,,,,,,,,
7,02/03/21 13:21,02/03/21,UPI/MOB/106113981047/UPI,,100.00,,"4,064.01Cr",,,,,,,,,
8,02/03/21 17:21,02/03/21,UPI/MOB/106117098298/UPI,,30.00,,"4,034.01Cr",,,,,,,,,
9,02/03/21 19:01,02/03/21,"POS-VISA/KRISHAN KUMAR
GARG/106119856095",,150.00,,"3,884.01Cr",,,,,,,,,
10,03/03/21 18:46,03/03/21,"POS-VISA/KRISHAN KUMAR
GARG/106218434363",,150.00,,"3,734.01Cr",,,,,,,,,
11,03/03/21 18:49,03/03/21,UPI/MOB/106218548033/UPI,,20.00,,"3,714.01Cr",,,,,,,,,
12,03/03/21 22:02,03/03/21,POS-VISA/IOCL PUMP/106216012706,,"1,000.00",,"2,714.01Cr",,,,,,,,,
13,04/03/21 18:18,04/03/21,UPI/MOB/106318055099/UPI,,450.00,,"2,264.01Cr",,,,,,,,,
14,04/03/21 18:31,04/03/21,UPI/MOB/106318413360/UPI,,"1,000.00",,"1,264.01Cr",,,,,,,,,
15,04/03/21 18:32,04/03/21,UPI/MOB/106318435212/UPI,,,5.00,"1,269.01Cr",,,,,,,,,
16,05/03/21 11:07,05/03/21,UPI/MOB/106411148602/UPI,,860.00,,409.01Cr,,,,,,,,,
17,05/03/21 14:19,05/03/21,"IMPS-MOB/Fund
Trf/106414172199/34116625/157087803952
/",,,"3,906.00","4,315.01Cr",,,,,,,,,
18,05/03/21 16:14,05/03/21,"REF/POS-VISA/IOCL PUMP
/772808/030321",,,7.50,"4,322.51Cr",,,,,,,,,
19,05/03/21 18:31,05/03/21,UPI/MOB/106418534535/UPI,,500.00,,"3,822.51Cr",,,,,,,,,
20,05/03/21 18:46,05/03/21,UPI/MOB/106418959637/UPI,,450.00,,"3,372.51Cr",,,,,,,,,
21,05/03/21 23:15,05/03/21,UPI/MOB/106423061497/UPI,,450.00,,"2,922.51Cr",,,,,,,,,
22,05/03/21 23:20,05/03/21,UPI/MOB/106423126434/UPI,,80.00,,"2,842.51Cr",,,,,,,,,
23,06/03/21 11:02,06/03/21,UPI/MOB/106511092127/UPI,,800.00,,"2,042.51Cr",,,,,,,,,
24,06/03/21 12:04,06/03/21,UPI/MOB/106512703608/UPI,,200.00,,"1,842.51Cr",,,,,,,,,
0,06/03/21 18:41,06/03/21,"POS-VISA/KRISHAN KUMAR
GARG/106518472308",,150.00,,"1,692.51Cr",,,,,,,,,
1,07/03/21 18:37,07/03/21,"POS-VISA/KRISHAN KUMAR
GARG/106618241074",,350.00,,"1,342.51Cr",,,,,,,,,
2,07/03/21 18:44,07/03/21,UPI/MOB/106618516091/UPI,,18.00,,"1,324.51Cr",,,,,,,,,
3,07/03/21 19:34,07/03/21,UPI/MOB/106619175576/UPI,,,"5,000.00","6,324.51Cr",,,,,,,,,
4,08/03/21 10:26,08/03/21,UPI/MOB/106710977289/UPI Transaction,,800.00,,"5,524.51Cr",,,,,,,,,
5,08/03/21 18:46,08/03/21,"POS-VISA/KRISHAN KUMAR
GARG/106718949119",,150.00,,"5,374.51Cr",,,,,,,,,
6,08/03/21 18:49,08/03/21,UPI/MOB/106718857337/UPI,,20.00,,"5,354.51Cr",,,,,,,,,
7,09/03/21 15:54,09/03/21,"DRC_HOST_TRTR/106718857337/08-MAR-
21/20",,,20.00,"5,374.51Cr",,,,,,,,,
8,09/03/21 18:43,09/03/21,"POS-VISA/KRISHAN KUMAR
GARG/106818620339",,350.00,,"5,024.51Cr",,,,,,,,,
9,09/03/21 18:46,09/03/21,UPI/MOB/106818093745/UPI,,40.00,,"4,984.51Cr",,,,,,,,,
10,10/03/21 06:07,10/03/21,"Charge:Cash Wdl at Other
ATM/Inv0602211842878931/23-FEB-2021",,20.00,,"4,964.51Cr",,,,,,,,,
11,10/03/21 06:07,10/03/21,"CGST on Charge:Cash Wdl at Other
ATM/Inv0602211842878931/23-FEB-2021",,1.80,,"4,962.71Cr",,,,,,,,,
12,10/03/21 06:07,10/03/21,"SGST on Charge:Cash Wdl at Other
ATM/Inv0602211842878931/23-FEB-2021",,1.80,,"4,960.91Cr",,,,,,,,,
13,10/03/21 10:53,10/03/21,"POS-VISA/Google
Adwords/106905805947",,"1,750.00",,"3,210.91Cr",,,,,,,,,
14,10/03/21 12:12,10/03/21,UPI/MOB/106912042993/UPI Transaction,,300.00,,"2,910.91Cr",,,,,,,,,
15,10/03/21 18:38,10/03/21,UPI/MOB/106918528033/UPI,,70.00,,"2,840.91Cr",,,,,,,,,
16,10/03/21 18:42,10/03/21,"POS-VISA/KRISHAN KUMAR
GARG/106918296736",,150.00,,"2,690.91Cr",,,,,,,,,
17,10/03/21 18:44,10/03/21,UPI/MOB/106918747781/UPI,,20.00,,"2,670.91Cr",,,,,,,,,
18,11/03/21 15:23,11/03/21,UPI/MOB/107015387379/Maldives trip,,,"10,000.00","12,670.91Cr",,,,,,,,,
19,11/03/21 17:58,11/03/21,"ATM-NFS/CASH
WITHDRAWAL/INDUSIND/107017006596",,"1,000.00",,"11,670.91Cr",,,,,,,,,
20,11/03/21 18:20,11/03/21,"POS-VISA/HPCL ADHOC TRUCK SUPP
PANCHKUL/1070125597",,992.50,,"10,678.41Cr",,,,,,,,,
21,11/03/21 21:38,11/03/21,UPI/MOB/107021679871/UPI,,350.00,,"10,328.41Cr",,,,,,,,,
22,11/03/21 21:43,11/03/21,UPI/MOB/107021785337/UPI,,180.00,,"10,148.41Cr",,,,,,,,,
23,12/03/21 00:28,12/03/21,UPI/MOB/107100064459/UPI,,60.00,,"10,088.41Cr",,,,,,,,,
0,12/03/21 00:43,12/03/21,UPI/MOB/107100179303/UPI,,280.00,,"9,808.41Cr",,,,,,,,,
1,12/03/21 12:23,12/03/21,UPI/MOB/107112418288/UPI,,880.00,,"8,928.41Cr",,,,,,,,,
2,12/03/21 12:54,12/03/21,UPI/MOB/107112206786/UPI,,180.00,,"8,748.41Cr",,,,,,,,,
3,12/03/21 20:15,12/03/21,"UPI/MOB/107120035288/ZomatoOnlineOr
der",,352.00,,"8,396.41Cr",,,,,,,,,
4,13/03/21 10:59,13/03/21,UPI/MOB/107210464180/Upi Transaction,,"1,000.00",,"7,396.41Cr",,,,,,,,,
5,13/03/21 19:07,13/03/21,"POS-VISA/KRISHAN KUMAR
GARG/107219384175",,170.00,,"7,226.41Cr",,,,,,,,,
6,13/03/21 19:09,13/03/21,UPI/MOB/107219643015/UPI,,20.00,,"7,206.41Cr",,,,,,,,,
7,13/03/21 19:14,13/03/21,UPI/MOB/107219807080/UPI,,70.00,,"7,136.41Cr",,,,,,,,,
8,14/03/21 09:05,14/03/21,UPI/MOB/107309526964/Maldives trip,,,"10,000.00","17,136.41Cr",,,,,,,,,
9,14/03/21 12:48,14/03/21,"ATM-NFS/CASH WITHDRAWAL/PEER
MUCH/107312022559",,"1,000.00",,"16,136.41Cr",,,,,,,,,
10,14/03/21 15:11,14/03/21,POS-VISA/www.airtel.in/107309506861,,"2,000.00",,"14,136.41Cr",,,,,,,,,
11,14/03/21 18:47,14/03/21,UPI/MOB/107318653192/UPI,,20.00,,"14,116.41Cr",,,,,,,,,
12,15/03/21 10:22,15/03/21,UPI/MOB/107410273236/Hardik Trip,,,"20,000.00","34,116.41Cr",,,,,,,,,
13,15/03/21 11:04,15/03/21,UPI/MOB/107411266621/Upi Transaction,,"1,000.00",,"33,116.41Cr",,,,,,,,,
14,15/03/21 11:06,15/03/21,UPI/MOB/107411489271/Pay,,"2,590.00",,"30,526.41Cr",,,,,,,,,
15,15/03/21 17:22,15/03/21,"POS-VISA/MAKEMYTRIP INDIA PVT LNEW
DELH/1074118862",,"6,929.00",,"23,597.41Cr",,,,,,,,,
16,15/03/21 17:51,15/03/21,"POS-VISA/KRISHAN KUMAR
GARG/107417752610",,900.00,,"22,697.41Cr",,,,,,,,,
17,15/03/21 18:37,15/03/21,UPI/MOB/107418025328/UPI,,500.00,,"22,197.41Cr",,,,,,,,,
18,15/03/21 22:04,15/03/21,UPI/MOB/107422063329/UPI,,480.00,,"21,717.41Cr",,,,,,,,,
19,16/03/21 11:26,16/03/21,"UPI/MOB/107511201265/jassal daily needs
payment dh",,"2,688.00",,"19,029.41Cr",,,,,,,,,
20,16/03/21 13:10,16/03/21,UPI/MOB/107513190468/UPI,,,"20,000.00","39,029.41Cr",,,,,,,,,
21,16/03/21 14:01,16/03/21,UPI/MOB/107514120331/UPI,,800.00,,"38,229.41Cr",,,,,,,,,
22,16/03/21 15:33,16/03/21,"IMPS-MOB/Fund
Trf/107515703922/34116625/15708780395
2/",,,"29,290.00","67,519.41Cr",,,,,,,,,
23,16/03/21 21:18,16/03/21,"UPI/MOB/107521361683/BhartiAirtelServic
esLimitedOR",,450.00,,"67,069.41Cr",,,,,,,,,
24,17/03/21 11:35,17/03/21,UPI/MOB/107611218970/UPI Transaction,,"1,000.00",,"66,069.41Cr",,,,,,,,,
0,17/03/21 16:43,17/03/21,"UPI/MOB/107616027143/ZomatoOnlineOrd
er",,95.00,,"65,974.41Cr",,,,,,,,,
1,17/03/21 18:38,17/03/21,"POS-VISA/KRISHAN KUMAR
GARG/107618113206",,150.00,,"65,824.41Cr",,,,,,,,,
2,17/03/21 20:00,17/03/21,"UPI/MOB/107620628880/UPI Transaction
for 78258532",,"2,726.00",,"63,098.41Cr",,,,,,,,,
3,17/03/21 20:30,17/03/21,"POS-VISA/KRISHAN KUMAR
GARG/107620230091",,900.00,,"62,198.41Cr",,,,,,,,,
4,17/03/21 20:36,17/03/21,"ATM-NFS/CASH WITHDRAWAL/SEC-20
PA/107620010874",,"10,000.00",,"52,198.41Cr",,,,,,,,,
5,18/03/21 17:14,18/03/21,"IMPS-RIB/Fund Trf/107717760466/lav
gupta/157087803952INDB/",,"23,000.00",,"29,198.41Cr",,,,,,,,,
6,18/03/21 17:17,18/03/21,"IMPS-RIB/Fund Trf/107717761122/lav
gupta/157087803952INDB/",,"25,000.00",,"4,198.41Cr",,,,,,,,,
7,18/03/21 19:51,18/03/21,"UPI/MOB/107719946915/ZomatoOnlineOrd
er",,256.25,,"3,942.16Cr",,,,,,,,,
8,19/03/21 14:23,19/03/21,"IMPS-MOB/Fund
Trf/107814144559/34116625/15708780395
2/",,,"195,000.00","198,942.16Cr",,,,,,,,,
9,19/03/21 16:37,19/03/21,"UPI/MOB/107816034432/collect-pay-
request",,"16,749.00",,"182,193.16Cr",,,,,,,,,
10,19/03/21 16:52,19/03/21,"IMPS-RIB/Fund Trf/107816914313/lav
gupta/157087803952INDB/",,50.00,,"182,143.16Cr",,,,,,,,,
11,19/03/21 17:56,19/03/21,UPI/MOB/107817803441/UPI,,"1,100.00",,"181,043.16Cr",,,,,,,,,
12,19/03/21 19:14,19/03/21,"POS-VISA/HPCL ADHOC TRUCK SUPP
PANCHKUL/1078136528",,992.50,,"180,050.66Cr",,,,,,,,,
13,19/03/21 19:55,19/03/21,UPI/MOB/107819202496/UPI,,300.00,,"179,750.66Cr",,,,,,,,,
14,19/03/21 23:03,19/03/21,UPI/MOB/107823452232/UPI,,330.00,,"179,420.66Cr",,,,,,,,,
15,20/03/21 11:50,20/03/21,"POS-VISA/WHISPERING
WINDS/107906035562",,"2,500.00",,"176,920.66Cr",,,,,,,,,
16,20/03/21 12:57,20/03/21,UPI/MOB/107912374077/Upi Transaction,,"1,000.00",,"175,920.66Cr",,,,,,,,,
17,20/03/21 15:33,20/03/21,"UPI/MOB/107915727800/cable march 8b
aastha city",,380.00,,"175,540.66Cr",,,,,,,,,
18,20/03/21 17:32,20/03/21,"UPI/MOB/107917343324/collect-pay-
request",,"15,000.00",,"160,540.66Cr",,,,,,,,,
19,20/03/21 17:34,20/03/21,"UPI/MOB/107917365725/collect-pay-
request",,"13,215.00",,"147,325.66Cr",,,,,,,,,
20,20/03/21 18:49,20/03/21,"POS-VISA/KRISHAN KUMAR
GARG/107918202349",,150.00,,"147,175.66Cr",,,,,,,,,
21,20/03/21 20:58,20/03/21,UPI/MOB/107920290382/Hotstar,,399.00,,"146,776.66Cr",,,,,,,,,
0,,,,,,,,,,,,,,,,
1,,,UPI/MOB/108010717672/Upi Transaction,,,,,,21/03/21,,,"1,000.00",,21/03/21 10:40,,"145,776.66Cr"
2,,,UPI/MOB/108012210088/UPI,,,,,,21/03/21,,,"1,250.00",,21/03/21 12:27,,"144,526.66Cr"
3,,,UPI/MOB/108012528947/UPI,,,,,,21/03/21,,,680.00,,21/03/21 12:41,,"143,846.66Cr"
4,,,"POS-VISA/SPARKLE EXPORTS INDL
ACHANDIGA/1080075167",,,,,,21/03/21,,,"3,000.00",,21/03/21 12:53,,"140,846.66Cr"
5,,,UPI/MOB/108014410543/UPI,,,,,,21/03/21,,,500.00,,21/03/21 14:07,,"140,346.66Cr"
6,,,"POS-VISA/KRISHAN KUMAR
GARG/108014719255",,,,,,21/03/21,,,320.00,,21/03/21 14:21,,"140,026.66Cr"
7,,,UPI/MOB/108018241385/UPI,,,,,,21/03/21,,,400.00,,21/03/21 18:16,,"139,626.66Cr"
8,,,UPI/MOB/108018760349/UPI,,,,,,21/03/21,,,310.00,,21/03/21 18:39,,"139,316.66Cr"
9,,,"POS-VISA/PAYU-
airtel66/P&L/108107251344",,,,,,22/03/21,,,905.98,,22/03/21 13:13,,"138,410.68Cr"
10,,,UPI/MOB/108113677122/UPI,,,,,,22/03/21,,,100.00,,22/03/21 13:46,,"138,310.68Cr"
11,,,"POS-VISA/P362
PANTALOONS/108109700151",,,,,,22/03/21,,,"2,845.00",,22/03/21 14:35,,"135,465.68Cr"
12,,,POS-VISA/WESTSIDE./108109252576,,,,,,22/03/21,,,"4,646.00",,22/03/21 14:53,,"130,819.68Cr"
13,,,"ATM-NFS/CASH
WITHDRAWAL/INDUSIND/108115005613",,,,,,22/03/21,,,"1,000.00",,22/03/21 15:03,,"129,819.68Cr"
14,,,"POS-VISA/CITCO PETROL
STATION/108110031510",,,,,,22/03/21,,,"2,799.46",,22/03/21 15:55,,"127,020.22Cr"
15,,,UPI/MOB/108118860744/UPI,,,,,,22/03/21,,,20.00,,22/03/21 18:43,,"127,000.22Cr"
16,,,UPI/MOB/108215587028/UPI,,,,,,23/03/21,,,"3,889.77",,23/03/21 15:44,,"123,110.45Cr"
17,,,"IMPS-MOB/Fund
Trf/108215841527/34116625/15708780395
2/",,,,,,23/03/21,,,,"48,175.00",23/03/21 15:46,,"171,285.45Cr"
18,,,"POS-VISA/PARK PLAZA
FARIDABAD/108216659509",,,,,,23/03/21,,,"10,000.00",,23/03/21 22:22,,"161,285.45Cr"
19,,,UPI/MOB/108222782527/Zomato payment,,,,,,23/03/21,,,"1,311.65",,23/03/21 22:36,,"159,973.80Cr"
20,,,UPI/MOB/108313945827/UPI,,,,,,24/03/21,,,500.00,,24/03/21 13:36,,"159,473.80Cr"
21,,,UPI/MOB/108318636603/Zomato payment,,,,,,24/03/21,,,589.50,,24/03/21 18:31,,"158,884.30Cr"
22,,,"UPI/MOB/108320013492/ZomatoOnlineOr
der",,,,,,24/03/21,,,189.95,,24/03/21 20:25,,"158,694.35Cr"
23,,,"UPI/MOB/108320138134/ZomatoOnlineOrd
er",,,,,,24/03/21,,,422.55,,24/03/21 20:29,,"158,271.80Cr"
0,24/03/21 23:09,24/03/21,"REF/POS-VISA/CITCO PETROL
ST/382671/220321",,,21.00,"158,292.80Cr",,,,,,,,,
1,24/03/21 23:32,24/03/21,UPI/MOB/108323016762/Zomato payment,,235.40,,"158,057.40Cr",,,,,,,,,
2,24/03/21 23:34,24/03/21,"UPI/MOB/108323030450/Zomato
payment",,364.00,,"157,693.40Cr",,,,,,,,,
3,25/03/21 12:28,25/03/21,"POS-VISA/PARK PLAZA
FARIDABAD/108406080873",,938.00,,"156,755.40Cr",,,,,,,,,
4,25/03/21 13:22,25/03/21,"ATM-NFS/CASH WITHDRAWAL/+3
COMMER/108413745331",,"3,000.00",,"153,755.40Cr",,,,,,,,,
5,25/03/21 15:19,25/03/21,"POS-VISA/M M FILLING
STATION/108409635011",,"1,500.00",,"152,255.40Cr",,,,,,,,,
6,25/03/21 16:58,25/03/21,"POS-VISA/DANA PANI
KARNAL/108411036410",,311.86,,"151,943.54Cr",,,,,,,,,
7,25/03/21 19:17,25/03/21,"POS-VISA/KRISHAN KUMAR
GARG/108419589593",,260.00,,"151,683.54Cr",,,,,,,,,
8,26/03/21 11:10,26/03/21,UPI/MOB/108511835204/Upi Transaction,,"1,000.00",,"150,683.54Cr",,,,,,,,,
9,26/03/21 18:54,26/03/21,"POS-VISA/UMBRELLA THE SUPER STOZIR
-ZIRA/1085135353",,"1,454.00",,"149,229.54Cr",,,,,,,,,
10,27/03/21 08:27,27/03/21,UPI/MOB/108608094936/UPI,,"1,000.00",,"148,229.54Cr",,,,,,,,,
11,27/03/21 10:30,27/03/21,UPI/MOB/108610398445/UPI,,"5,542.00",,"142,687.54Cr",,,,,,,,,
12,27/03/21 15:48,27/03/21,"UPI/MOB/108615017526/Dharamshala
payment",,,"5,600.00","148,287.54Cr",,,,,,,,,
13,27/03/21 18:09,27/03/21,"POS-VISA/CHANDEL FILLING
STATIOPARWANOO/1086189536",,500.00,,"147,787.54Cr",,,,,,,,,
14,27/03/21 22:10,27/03/21,"POS-VISA/HOTEL RAMADA
KASAULI/108616904316",,"6,000.00",,"141,787.54Cr",,,,,,,,,
15,28/03/21 08:44,28/03/21,UPI/MOB/108708637825/Upi Transaction,,"1,000.00",,"140,787.54Cr",,,,,,,,,
16,28/03/21 11:49,28/03/21,"POS-VISA/HOTEL RAMADA
KASAULI/108706101271",,"1,552.00",,"139,235.54Cr",,,,,,,,,
17,28/03/21 12:21,28/03/21,UPI/MOB/108712557279/UPI,,"2,850.00",,"136,385.54Cr",,,,,,,,,
18,28/03/21 13:02,28/03/21,UPI/MOB/108713601341/UPI,,60.00,,"136,325.54Cr",,,,,,,,,
19,28/03/21 16:31,28/03/21,"REF/POS-VISA/M M FILLING
STA/906656/250321",,,11.25,"136,336.79Cr",,,,,,,,,
20,28/03/21 18:40,28/03/21,UPI/MOB/108718932975/UPI,,20.00,,"136,316.79Cr",,,,,,,,,
21,28/03/21 19:25,28/03/21,UPI/MOB/108719144091/Zomato payment,,143.40,,"136,173.39Cr",,,,,,,,,
22,29/03/21 12:50,29/03/21,"IMPS-RIB/Fund Trf/108812252704/lav
gupta/157087803952INDB/",,"23,000.00",,"113,173.39Cr",,,,,,,,,
23,29/03/21 15:35,29/03/21,REF/POS-VISA/CHANDEL,,,3.75,"113,177.14Cr",,,,,,,,,
0,,,FILLING/324762/270321,,,,,,,,,,,,,
1,,,UPI/MOB/108818166143/UPI Transaction,,,,,,29/03/21,,,805.00,,29/03/21 18:32,,"112,372.14Cr"
2,,,"UPI/MOB/108908099188/BhartiAirtelServi
cesLimitedOR",,,,,,30/03/21,,,470.00,,30/03/21 08:33,,"111,902.14Cr"
3,,,UPI/MOB/108911599068/UPI,,,,,,30/03/21,,,"1,500.00",,30/03/21 11:04,,"110,402.14Cr"
4,,,UPI/MOB/108913429077/UPI,,,,,,30/03/21,,,300.00,,30/03/21 13:24,,"110,102.14Cr"
5,,,"POS-VISA/TRUCK SUPPLIERS CORPORPIN
-PINJ/1089138863",,,,,,30/03/21,,,500.00,,30/03/21 18:30,,"109,602.14Cr"
6,,,UPI/MOB/108919430157/UPI,,,,,,30/03/21,,,270.00,,30/03/21 19:42,,"109,332.14Cr"
7,,,"POS-VISA/ATO*RAJESH AND
CO/108919313626",,,,,,30/03/21,,,450.00,,30/03/21 19:48,,"108,882.14Cr"
8,,,UPI/MOB/108922498611/UPI,,,,,,30/03/21,,,850.00,,30/03/21 22:20,,"108,032.14Cr"
9,,,"ATM-NFS/CASH WITHDRAWAL/SBP
DHARA/108923030493",,,,,,30/03/21,,,"2,000.00",,30/03/21 23:03,,"106,032.14Cr"
10,,,UPI/MOB/109010336570/UPI,,,,,,31/03/21,,,840.00,,31/03/21 10:46,,"105,192.14Cr"
11,,,"IMPS-MOB/Fund
Trf/109015366699/34116625/15708780395
2/",,,,,,31/03/21,,,,"195,290.00",31/03/21 15:18,,"300,482.14Cr"
12,,,UPI/MOB/109017224431/UPI,,,,,,31/03/21,,,110.00,,31/03/21 17:28,,"300,372.14Cr"
13,,,UPI/MOB/109018563359/UPI,,,,,,31/03/21,,,368.00,,31/03/21 18:15,,"300,004.14Cr"
14,,,"POS-VISA/CHAWLA
COLLECTIONS/109018757252",,,,,,31/03/21,,,750.00,,31/03/21 18:26,,"299,254.14Cr"
15,,,UPI/MOB/109020902246/UPI,,,,,,31/03/21,,,150.00,,31/03/21 20:02,,"299,104.14Cr"
16,,,UPI/MOB/109021995677/UPI,,,,,,31/03/21,,,"1,500.00",,31/03/21 21:20,,"297,604.14Cr"
17,,,QUARTERLY SAVINGS INTEREST CREDIT,,,,,,31/03/21,,,,788.00,31/03/21 02:28,,"298,392.14Cr"
18,,,UPI/MOB/109111935704/UPI,,,,,,01/04/21,,,200.00,,01/04/21 11:24,,"298,192.14Cr"
19,,,UPI/MOB/109117363643/refund,,,,,,01/04/21,,,"25,000.00",,01/04/21 17:18,,"273,192.14Cr"
20,,,"IMPS-MOB/Fund
Trf/109117912176/34116625/157087803952
/",,,,,,01/04/21,,,,"25,000.00",01/04/21 17:20,,"298,192.14Cr"
21,,,UPI/MOB/109118557649/UPI,,,,,,01/04/21,,,1.00,,01/04/21 18:26,,"298,191.14Cr"
22,,,"REF/POS-VISA/HPCL 0.75%
CASH/786126/300321",,,,,,01/04/21,,,,3.75,01/04/21 18:32,,"298,194.89Cr"
23,,,"UPI/MOB/109119635249/ZomatoOnlineOrd
er",,,,,,01/04/21,,,322.00,,01/04/21 19:55,,"297,872.89Cr"
0,,,,,,,,,,,,,,,,
1,,,"POS-VISA/TRUCK SUPPLIERS
CORPORPINJORE /1005119705",,,,,,05/01/21,,,500.00,,05/01/21 16:59,,"49,489.24Cr"
2,,,"POS-VISA/RAJESH AND
CO/100512540203",,,,,,05/01/21,,,450.00,,05/01/21 17:38,,"49,039.24Cr"
3,,,"UPI/MOB/100519798007/UPI Transaction
for 74182821",,,,,,05/01/21,,,"3,933.00",,05/01/21 19:12,,"45,106.24Cr"
4,,,POS-VISA/THE UPPALS/100611251999,,,,,,06/01/21,,,"1,162.00",,06/01/21 11:52,,"43,944.24Cr"
5,,,"ATM-NFS/CASH
WITHDRAWAL/INDUSIND/100617014587",,,,,,06/01/21,,,"2,000.00",,06/01/21 17:47,,"41,944.24Cr"
6,,,"UPI/MOB/100618072351/ZomatoOnlineOr
der",,,,,,06/01/21,,,665.75,,06/01/21 18:29,,"41,278.49Cr"
7,,,UPI/MOB/100713731575/Upi Transaction,,,,,,07/01/21,,,"1,000.00",,07/01/21 13:00,,"40,278.49Cr"
8,,,"UPI/MOB/100720225764/Zomato
payment",,,,,,07/01/21,,,211.60,,07/01/21 20:29,,"40,066.89Cr"
9,,,"REF/POS-VISA/HPCL 0.75%
CASH/214716/050121",,,,,,07/01/21,,,,3.75,07/01/21 21:21,,"40,070.64Cr"
10,,,"POS-VISA/KRISHAN KUMAR
GARG/100818812829",,,,,,08/01/21,,,250.00,,08/01/21 18:03,,"39,820.64Cr"
11,,,"UPI/MOB/100820733670/Zomato
payment",,,,,,08/01/21,,,195.00,,08/01/21 20:35,,"39,625.64Cr"
12,,,"POS-VISA/KRISHAN KUMAR
GARG/100918509815",,,,,,09/01/21,,,250.00,,09/01/21 18:16,,"39,375.64Cr"
13,,,UPI/MOB/100918021838/UPI,,,,,,09/01/21,,,150.00,,09/01/21 18:20,,"39,225.64Cr"
14,,,UPI/MOB/101018805268/Zomato payment,,,,,,10/01/21,,,189.20,,10/01/21 18:16,,"39,036.44Cr"
15,,,"POS-VISA/KRISHAN KUMAR
GARG/101018221595",,,,,,10/01/21,,,250.00,,10/01/21 18:31,,"38,786.44Cr"
16,,,UPI/MOB/101019954455/Zomato payment,,,,,,10/01/21,,,355.60,,10/01/21 19:36,,"38,430.84Cr"
17,,,"UPI/MOB/101115879528/Vishal maldives
balance payme",,,,,,11/01/21,,,,"27,000.00",11/01/21 15:24,,"65,430.84Cr"
18,,,"POS-VISA/GOOGLE
ADWORDS/101112569299",,,,,,11/01/21,,,"1,000.00",,11/01/21 17:45,,"64,430.84Cr"
19,,,UPI/MOB/101118008266/UPI,,,,,,11/01/21,,,150.00,,11/01/21 18:20,,"64,280.84Cr"
20,,,"POS-VISA/KRISHAN KUMAR
GARG/101118847993",,,,,,11/01/21,,,300.00,,11/01/21 18:22,,"63,980.84Cr"
21,,,"IMPS-RIB/Fund Trf/101119611206/lav
gupta/157087803952INDB/",,,,,,11/01/21,,,"6,000.00",,11/01/21 19:59,,"57,980.84Cr"
22,,,"IMPS-RIB/Fund Trf/101120611546/lav
gupta/157087803952INDB/",,,,,,11/01/21,,,"1,000.00",,11/01/21 20:01,,"56,980.84Cr"
23,,,UPI/MOB/101120688400/UberRide,,,,,,11/01/21,,,90.00,,11/01/21 20:47,,"56,890.84Cr"
0,02/04/21 08:51,02/04/21,UPI/MOB/109208338082/Upi Transaction,,"1,500.00",,"296,372.89Cr",,,,,,,,,
1,02/04/21 12:54,02/04/21,FD 10068745645 booked via Net Banking,,"50,000.00",,"246,372.89Cr",,,,,,,,,
2,02/04/21 18:41,02/04/21,"ATM-NFS/CASH
WITHDRAWAL/INDUSIND/109218013198",,"6,000.00",,"240,372.89Cr",,,,,,,,,
3,02/04/21 20:27,02/04/21,"UPI/MOB/109220943550/Zomato
payment",,197.00,,"240,175.89Cr",,,,,,,,,
4,03/04/21 12:53,03/04/21,"POS-VISA/HPCL PETRO INDIA FILLIPAN-
PANC/1093071048",,"1,000.00",,"239,175.89Cr",,,,,,,,,
5,03/04/21 15:28,03/04/21,"IMPS-MOB/Fund
Trf/109315784177/34116625/15708780395
2/",,,"97,640.00","336,815.89Cr",,,,,,,,,
6,03/04/21 18:29,03/04/21,UPI/MOB/109318735527/UPI,,"1,000.00",,"335,815.89Cr",,,,,,,,,
7,03/04/21 19:57,03/04/21,UPI/MOB/109319755278/UberRide,,468.00,,"335,347.89Cr",,,,,,,,,
8,03/04/21 20:54,03/04/21,"ATM-NFS/CASH
WITHDRAWAL/INDUSIND/109320001856",,"10,000.00",,"325,347.89Cr",,,,,,,,,
9,03/04/21 22:23,03/04/21,"IMPS-MOB/Fund
Trf/109322948473/34116625/15708780395
2/",,,1.00,"325,348.89Cr",,,,,,,,,
10,03/04/21 22:40,03/04/21,"POS-VISA/GBS HOSPITALITY
PRIVATPANCHKUL/1093171613",,"6,002.00",,"319,346.89Cr",,,,,,,,,
11,03/04/21 22:52,03/04/21,"POS-VISA/JAI MATA
ENTERPRISES/109317505507",,700.00,,"318,646.89Cr",,,,,,,,,
12,03/04/21 23:05,03/04/21,"POS-VISA/TWENTY FOUR
SEVEN/109317387469",,969.00,,"317,677.89Cr",,,,,,,,,
13,03/04/21 23:37,03/04/21,UPI/MOB/109323010993/Zomato payment,,773.20,,"316,904.69Cr",,,,,,,,,
14,04/04/21 10:20,04/04/21,UPI/MOB/109410706392/UberRide,,110.00,,"316,794.69Cr",,,,,,,,,
15,04/04/21 10:46,04/04/21,UPI/MOB/109410325801/Zomato payment,,245.00,,"316,549.69Cr",,,,,,,,,
16,05/04/21 04:46,05/04/21,UPI/MOB/109504719760/hardik Mehta,,,"10,000.00","326,549.69Cr",,,,,,,,,
17,05/04/21 12:23,05/04/21,UPI/MOB/109512223744/Zomato payment,,254.99,,"326,294.70Cr",,,,,,,,,
18,05/04/21 12:54,05/04/21,UPI/MOB/109550776029/express,,,60.00,"326,354.70Cr",,,,,,,,,
19,05/04/21 16:24,05/04/21,"ATM-NFS/CASH
WITHDRAWAL/INDUSIND/109516008436",,"10,000.00",,"316,354.70Cr",,,,,,,,,
20,05/04/21 16:25,05/04/21,"ATM-NFS/CASH
WITHDRAWAL/INDUSIND/109516008731",,"10,000.00",,"306,354.70Cr",,,,,,,,,
21,05/04/21 16:26,05/04/21,"ATM-NFS/CASH
WITHDRAWAL/INDUSIND/109516009003",,"10,000.00",,"296,354.70Cr",,,,,,,,,
22,05/04/21 16:44,05/04/21,"IMPS-MOB/Fund
Trf/109516505753/34116625/15708780395
2/",,,"97,644.00","393,998.70Cr",,,,,,,,,
0,,,,,,,,,,,,,,,,
1,,,"REF/POS-VISA/HPCL 0.75%
CASH/500097/030421",,,,,,05/04/21,,,,7.50,05/04/21 17:26,,"394,006.20Cr"
2,,,UPI/MOB/109611222909/Upi Transaction,,,,,,06/04/21,,,"1,000.00",,06/04/21 11:20,,"393,006.20Cr"
3,,,"UPI/MOB/109616493447/Jass Lamba
deposit",,,,,,06/04/21,,,,"2,850.00",06/04/21 16:36,,"395,856.20Cr"
4,,,"POS-VISA/UMBRELLA THE SUPER STOZIR
-ZIRA/1096142809",,,,,,06/04/21,,,362.00,,06/04/21 20:00,,"395,494.20Cr"
5,,,"UPI/MOB/109620035804/ZomatoOnlineO
rder",,,,,,06/04/21,,,606.35,,06/04/21 20:20,,"394,887.85Cr"
6,,,"POS-VISA/PAYU-
payuindia.ads_preGurgaon /1097068720",,,,,,07/04/21,,,"1,000.00",,07/04/21 12:06,,"393,887.85Cr"
7,,,UPI/MOB/109713049379/UPI,,,,,,07/04/21,,,"2,936.00",,07/04/21 13:15,,"390,951.85Cr"
8,,,"POS-VISA/KRISHAN KUMAR
GARG/109718436643",,,,,,07/04/21,,,900.00,,07/04/21 18:27,,"390,051.85Cr"
9,,,POS-VISA/GOPALS/109713953343,,,,,,07/04/21,,,"1,240.00",,07/04/21 18:39,,"388,811.85Cr"
10,,,"POS-VISA/CHANDEL FILLING
STATIOPARWANOO/1097130042",,,,,,07/04/21,,,"1,000.00",,07/04/21 19:16,,"387,811.85Cr"
11,,,UPI/MOB/109723101400/UPI,,,,,,07/04/21,,,290.00,,07/04/21 23:04,,"387,521.85Cr"
12,,,UPI/MOB/109723115030/UPI,,,,,,07/04/21,,,100.00,,07/04/21 23:04,,"387,421.85Cr"
13,,,UPI/MOB/109810847398/UPI,,,,,,08/04/21,,,"1,300.00",,08/04/21 10:17,,"386,121.85Cr"
14,,,UPI/MOB/109910438906/UPI,,,,,,09/04/21,,,"1,000.00",,09/04/21 10:21,,"385,121.85Cr"
15,,,"POS-VISA/UMBRELLA THE SUPER STOZIR
-ZIRA/1099131490",,,,,,09/04/21,,,176.00,,09/04/21 18:42,,"384,945.85Cr"
16,,,"POS-VISA/KRISHAN KUMAR
GARG/109918801091",,,,,,09/04/21,,,230.00,,09/04/21 18:48,,"384,715.85Cr"
17,,,"POS-VISA/A AND K
ENTERPRISES/109917024738",,,,,,09/04/21,,,"2,332.00",,09/04/21 23:27,,"382,383.85Cr"
18,,,UPI/MOB/110011220123/UPI,,,,,,10/04/21,,,"1,000.00",,10/04/21 11:15,,"381,383.85Cr"
19,,,UPI/MOB/110011245223/UPI,,,,,,10/04/21,,,,3.00,10/04/21 11:16,,"381,386.85Cr"
20,,,"IMPS-RIB/Fund Trf/110011070766/lav
gupta/157087803952INDB/",,,,,,10/04/21,,,"8,000.00",,10/04/21 11:25,,"373,386.85Cr"
21,,,UPI/MOB/110012548020/UPI,,,,,,10/04/21,,,300.00,,10/04/21 12:37,,"373,086.85Cr"
22,,,"REF/POS-VISA/CHANDEL
FILLING/375166/070421",,,,,,10/04/21,,,,7.50,10/04/21 15:24,,"373,094.35Cr"
23,,,"ATM-NFS/CASH WITHDRAWAL/PEER
MUCH/110019001838",,,,,,10/04/21,,,"1,000.00",,10/04/21 19:10,,"372,094.35Cr"
0,,,,,,,,,,,,,,,,
1,,,"POS-VISA/KRISHAN KUMAR
GARG/110019481275",,,,,,10/04/21,,,250.00,,10/04/21 19:19,,"371,844.35Cr"
2,,,UPI/MOB/110110738652/Upi Transaction,,,,,,11/04/21,,,"1,000.00",,11/04/21 10:44,,"370,844.35Cr"
3,,,"UPI/MOB/110111003003/collect-pay-
request",,,,,,11/04/21,,,"12,439.00",,11/04/21 11:46,,"358,405.35Cr"
4,,,UPI/MOB/110114051782/leh,,,,,,11/04/21,,,,"27,439.00",11/04/21 14:36,,"385,844.35Cr"
5,,,"POS-VISA/KRISHAN KUMAR
GARG/110118075474",,,,,,11/04/21,,,250.00,,11/04/21 18:51,,"385,594.35Cr"
6,,,"UPI/MOB/110120439753/ZomatoOnlineOrd
er",,,,,,11/04/21,,,95.94,,11/04/21 20:20,,"385,498.41Cr"
7,,,"Charge:Cash Wdl at Other
ATM/Inv0603211322726641/30-MAR-2021",,,,,,12/04/21,,,20.00,,12/04/21 06:38,,"385,478.41Cr"
8,,,"CGST on Charge:Cash Wdl at Other
ATM/Inv0603211322726641/30-MAR-2021",,,,,,12/04/21,,,1.80,,12/04/21 06:38,,"385,476.61Cr"
9,,,"SGST on Charge:Cash Wdl at Other
ATM/Inv0603211322726641/30-MAR-2021",,,,,,12/04/21,,,1.80,,12/04/21 06:38,,"385,474.81Cr"
10,,,UPI/MOB/110211878429/UPI,,,,,,12/04/21,,,"1,000.00",,12/04/21 11:42,,"384,474.81Cr"
11,,,"POS-VISA/HPCL ADHOC TRUCK SUPP
PANCHKUL/1102115397",,,,,,12/04/21,,,992.50,,12/04/21 17:23,,"383,482.31Cr"
12,,,"POS-VISA/ATO*RAJESH AND
CO/110218701421",,,,,,12/04/21,,,450.00,,12/04/21 18:43,,"383,032.31Cr"
13,,,UPI/MOB/110218545395/UPI,,,,,,12/04/21,,,390.00,,12/04/21 18:46,,"382,642.31Cr"
14,,,UPI/MOB/110311037117/UPI,,,,,,13/04/21,,,"2,590.00",,13/04/21 11:01,,"380,052.31Cr"
15,,,UPI/MOB/110313088279/UPI,,,,,,13/04/21,,,37.00,,13/04/21 13:17,,"380,015.31Cr"
16,,,"ATM-NFS/CASH WITHDRAWAL/PEER
MUCH/110314019917",,,,,,13/04/21,,,"3,000.00",,13/04/21 14:51,,"377,015.31Cr"
17,,,"POS-VISA/KRISHAN KUMAR
GARG/110318392672",,,,,,13/04/21,,,450.00,,13/04/21 18:49,,"376,565.31Cr"
18,,,"POS-VISA/UMBRELLA THE SUPER STOZIR
-ZIRA/1103133898",,,,,,13/04/21,,,223.00,,13/04/21 18:57,,"376,342.31Cr"
19,,,UPI/MOB/110410774812/UPI,,,,,,14/04/21,,,"1,000.00",,14/04/21 10:32,,"375,342.31Cr"
20,,,UPI/MOB/110410199308/WAMassSender,,,,,,14/04/21,,,275.00,,14/04/21 10:49,,"375,067.31Cr"
21,,,UPI/MOB/110511405367/UPI,,,,,,15/04/21,,,"1,000.00",,15/04/21 11:11,,"374,067.31Cr"
22,,,"POS-VISA/CHANDEL FILLING
STATIOPARWANOO/1105121857",,,,,,15/04/21,,,500.00,,15/04/21 17:42,,"373,567.31Cr"
23,,,UPI/MOB/110519149400/UPI,,,,,,15/04/21,,,70.00,,15/04/21 19:00,,"373,497.31Cr"
0,,,,,,,,,,,,,,,,
1,,,"UPI/MOB/110519169646/Rewarded for
using Google Pay",,,,,,15/04/21,,,,5.00,15/04/21 19:01,,"373,502.31Cr"
2,,,UPI/MOB/110519367663/UPI,,,,,,15/04/21,,,330.00,,15/04/21 19:10,,"373,172.31Cr"
3,,,UPI/MOB/110520350425/UPI,,,,,,15/04/21,,,30.00,,15/04/21 20:18,,"373,142.31Cr"
4,,,POS-VISA/MEHFIL/110516413294,,,,,,15/04/21,,,"1,274.00",,15/04/21 22:04,,"371,868.31Cr"
5,,,UPI/MOB/110608727498/UPI Transaction,,,,,,16/04/21,,,500.00,,16/04/21 08:28,,"371,368.31Cr"
6,,,UPI/MOB/110610967305/UPI,,,,,,16/04/21,,,"1,300.00",,16/04/21 10:30,,"370,068.31Cr"
7,,,UPI/MOB/110611493075/udhaar,,,,,,16/04/21,,,"5,500.00",,16/04/21 11:36,,"364,568.31Cr"
8,,,UPI/MOB/110611513993/UPI,,,,,,16/04/21,,,500.00,,16/04/21 11:37,,"364,068.31Cr"
9,,,UPI/MOB/110709514049/UPI Transaction,,,,,,17/04/21,,,"1,000.00",,17/04/21 09:13,,"363,068.31Cr"
10,,,UPI/MOB/110713206772/udhaar wapis,,,,,,17/04/21,,,,"6,000.00",17/04/21 13:33,,"369,068.31Cr"
11,,,"IMPS-RIB/Fund Trf/110717079509/lav
gupta/157087803952INDB/",,,,,,17/04/21,,,"25,000.00",,17/04/21 17:21,,"344,068.31Cr"
12,,,UPI/MOB/110718637671/UPI,,,,,,17/04/21,,,163.00,,17/04/21 18:26,,"343,905.31Cr"
13,,,"POS-VISA/KRISHAN KUMAR
GARG/110718740547",,,,,,17/04/21,,,450.00,,17/04/21 18:31,,"343,455.31Cr"
14,,,UPI/MOB/110811556832/UPI,,,,,,18/04/21,,,"1,000.00",,18/04/21 11:24,,"342,455.31Cr"
15,,,"REF/POS-VISA/CHANDEL
FILLING/885095/150421",,,,,,18/04/21,,,,3.75,18/04/21 15:35,,"342,459.06Cr"
16,,,"IMPS-RIB/Fund Trf/110917296823/lav
gupta/157087803952INDB/",,,,,,19/04/21,,,"17,000.00",,19/04/21 17:24,,"325,459.06Cr"
17,,,"UPI/MOB/110917404814/collect-pay-
request",,,,,,19/04/21,,,"12,030.00",,19/04/21 17:50,,"313,429.06Cr"
18,,,"UPI/MOB/110919602593/mover packer
advance",,,,,,19/04/21,,,"1,000.00",,19/04/21 19:08,,"312,429.06Cr"
19,,,"UPI/MOB/111010217954/collect-pay-
request",,,,,,20/04/21,,,"12,028.00",,20/04/21 10:36,,"300,401.06Cr"
20,,,"IMPS-MOB/Fund
Trf/111020650027/34116625/15708780395
2/",,,,,,20/04/21,,,,"17,600.00",20/04/21 20:54,,"318,001.06Cr"
21,,,UPI/MOB/111100700402/final payment,,,,,,21/04/21,,,"5,000.00",,21/04/21 00:49,,"313,001.06Cr"
22,,,UPI/MOB/111111040233/broker fees,,,,,,21/04/21,,,"7,000.00",,21/04/21 11:15,,"306,001.06Cr"
23,,,"ATM-NFS/CASH WITHDRAWAL/DSS-184
,/111113009927",,,,,,21/04/21,,,"3,000.00",,21/04/21 13:25,,"303,001.06Cr"
0,21/04/21 13:25,21/04/21,"ATM-NFS/WITHDRAWAL REVERSED/DSS-
184 ,/111113009927",,,"3,000.00","306,001.06Cr",,,,,,,,,
1,21/04/21 13:28,21/04/21,"ATM-NFS/CASH
WITHDRAWAL/INDUSIND/111113026790",,"3,000.00",,"303,001.06Cr",,,,,,,,,
2,21/04/21 14:00,21/04/21,UPI/MOB/111114726796/UPI,,"1,000.00",,"302,001.06Cr",,,,,,,,,
3,21/04/21 15:31,21/04/21,UPI/MOB/111115583785/UPI,,200.00,,"301,801.06Cr",,,,,,,,,
4,21/04/21 17:26,21/04/21,UPI/MOB/111117468126/UPI,,220.00,,"301,581.06Cr",,,,,,,,,
5,21/04/21 17:28,21/04/21,"POS-VISA/ATO*RAJESH AND
CO/111117745912",,"1,700.00",,"299,881.06Cr",,,,,,,,,
6,21/04/21 19:44,21/04/21,UPI/MOB/111119634000/UPI,,605.00,,"299,276.06Cr",,,,,,,,,
7,22/04/21 11:27,22/04/21,UPI/MOB/111211352390/UPI,,"3,200.00",,"296,076.06Cr",,,,,,,,,
8,22/04/21 12:09,22/04/21,UPI/MOB/111212291987/UPI,,300.00,,"295,776.06Cr",,,,,,,,,
9,22/04/21 16:03,22/04/21,"ATM-NFS/CASH
WITHDRAWAL/INDUSIND/111216021653",,"1,500.00",,"294,276.06Cr",,,,,,,,,
10,22/04/21 18:52,22/04/21,"POS-VISA/KRISHAN KUMAR
GARG/111218419967",,450.00,,"293,826.06Cr",,,,,,,,,
11,22/04/21 20:23,22/04/21,UPI/MOB/111220910116/UPI,,185.00,,"293,641.06Cr",,,,,,,,,
12,23/04/21 03:11,23/04/21,"UPI/MOB/111303415077/Rewarded for
using Google Pay",,,5.00,"293,646.06Cr",,,,,,,,,
13,23/04/21 03:11,23/04/21,"UPI/MOB/111303415526/Rewarded for
using Google Pay",,,2.00,"293,648.06Cr",,,,,,,,,
14,23/04/21 03:11,23/04/21,"UPI/MOB/111303415904/Rewarded for
using Google Pay",,,6.00,"293,654.06Cr",,,,,,,,,
15,23/04/21 13:24,23/04/21,UPI/MOB/111313157065/UPI,,630.00,,"293,024.06Cr",,,,,,,,,
16,23/04/21 13:28,23/04/21,UPI/MOB/111313238111/UPI,,200.00,,"292,824.06Cr",,,,,,,,,
17,23/04/21 14:27,23/04/21,UPI/MOB/111314505766/UPI,,500.00,,"292,324.06Cr",,,,,,,,,
18,23/04/21 18:27,23/04/21,"POS-VISA/JAI HIND FILLING
STATISOLAN/111318819334",,"1,000.00",,"291,324.06Cr",,,,,,,,,
19,23/04/21 20:14,23/04/21,"POS-VISA/ATO*RAJESH AND
CO/111320049343",,900.00,,"290,424.06Cr",,,,,,,,,
20,23/04/21 20:27,23/04/21,UPI/MOB/111320372602/UPI,,350.00,,"290,074.06Cr",,,,,,,,,
21,23/04/21 20:42,23/04/21,UPI/MOB/111320707563/UPI,,100.00,,"289,974.06Cr",,,,,,,,,
22,24/04/21 09:49,24/04/21,UPI/MOB/111409755866/UPI,,1.00,,"289,973.06Cr",,,,,,,,,
23,24/04/21 13:40,24/04/21,UPI/MOB/111413327072/UPI,,460.00,,"289,513.06Cr",,,,,,,,,
24,24/04/21 13:42,24/04/21,ATM-NFS/CASH WITHDRAWAL/SBP,,"7,000.00",,"282,513.06Cr",,,,,,,,,
0,,,DHARA/111413006654,,,,,,,,,,,,,
1,,,"REF/POS-VISA/JAI HIND
FILLIN/134304/230421",,,,,,24/04/21,,,,7.5,24/04/21 17:14,,"282,520.56Cr"
2,,,"POS-VISA/ATO*RAJESH AND
CO/111519087447",,,,,,25/04/21,,,450.00,,25/04/21 19:32,,"282,070.56Cr"
3,,,POS-VISA/RAMESH SERVICE/111514197180,,,,,,25/04/21,,,"1,000.00",,25/04/21 19:34,,"281,070.56Cr"
4,,,UPI/MOB/111520986251/UPI,,,,,,25/04/21,,,370.00,,25/04/21 20:17,,"280,700.56Cr"
5,,,UPI/MOB/111612089011/UPI,,,,,,26/04/21,,,"1,000.00",,26/04/21 12:50,,"279,700.56Cr"
6,,,"UPI/MOB/111612105019/Rewarded for using
Google Pay",,,,,,26/04/21,,,,51.0,26/04/21 12:51,,"279,751.56Cr"
7,,,UPI/MOB/111613137205/final payment,,,,,,26/04/21,,,"12,000.00",,26/04/21 13:35,,"267,751.56Cr"
8,,,UPI/MOB/111614255674/UPI,,,,,,26/04/21,,,70.00,,26/04/21 14:26,,"267,681.56Cr"
9,,,"POS-VISA/UMBRELLA THE SUPER STOZIR
-ZIRA/1116135164",,,,,,26/04/21,,,432.00,,26/04/21 18:53,,"267,249.56Cr"
10,,,"POS-VISA/KRISHAN KUMAR
GARG/111618285829",,,,,,26/04/21,,,780.00,,26/04/21 18:58,,"266,469.56Cr"
11,,,"REF/POS-VISA/RAMESH SERVICE
/375122/250421",,,,,,27/04/21,,,,7.5,27/04/21 16:26,,"266,477.06Cr"
12,,,"ATM-NFS/CASH WITHDRAWAL/PEER
MUCH/111717017522",,,,,,27/04/21,,,"3,000.00",,27/04/21 17:26,,"263,477.06Cr"
13,,,UPI/MOB/111722559233/UPI,,,,,,27/04/21,,,"1,957.00",,27/04/21 22:54,,"261,520.06Cr"
14,,,UPI/MOB/111722579761/UPI,,,,,,27/04/21,,,"1,846.00",,27/04/21 22:56,,"259,674.06Cr"
15,,,UPI/MOB/111723610163/UPI,,,,,,27/04/21,,,"1,574.00",,27/04/21 23:00,,"258,100.06Cr"
16,,,"UPI/MOB/111723737151/You are paying for
an Amazon",,,,,,27/04/21,,,464.55,,27/04/21 23:09,,"257,635.51Cr"
17,,,UPI/MOB/111816954066/UberRide,,,,,,28/04/21,,,93.00,,28/04/21 16:17,,"257,542.51Cr"
18,,,UPI/MOB/111816581539/AirtelMoney,,,,,,28/04/21,,,200.00,,28/04/21 16:52,,"257,342.51Cr"
19,,,UPI/MOB/111819427705/UPI,,,,,,28/04/21,,,590.00,,28/04/21 19:49,,"256,752.51Cr"
20,,,UPI/MOB/111912931159/UPI,,,,,,29/04/21,,,"2,000.00",,29/04/21 12:16,,"254,752.51Cr"
21,,,UPI/MOB/111913090794/UberRide,,,,,,29/04/21,,,81.00,,29/04/21 13:08,,"254,671.51Cr"
22,,,UPI/MOB/111913122304/UPI,,,,,,29/04/21,,,"7,000.00",,29/04/21 13:09,,"247,671.51Cr"
23,,,UPI/MOB/112013855370/UPI,,,,,,30/04/21,,,300.00,,30/04/21 13:30,,"247,371.51Cr"
24,,,"UPI/MOB/112013868141/Earned for using
Google Pay",,,,,,30/04/21,,,,4.0,30/04/21 13:30,,"247,375.51Cr"
0,30/04/21 17:24,30/04/21,"POS-VISA/HPCL ADHOC TRUCK SUPP
PANCHKUL/1120118466",,992.50,,"246,383.01Cr",,,,,,,,,
1,30/04/21 18:26,30/04/21,UPI/MOB/112018346603/UPI,,350.00,,"246,033.01Cr",,,,,,,,,
2,30/04/21 19:08,30/04/21,"POS-VISA/ATO*RAJESH AND
CO/112019581010",,680.00,,"245,353.01Cr",,,,,,,,,
3,30/04/21 19:08,30/04/21,"POS-VISA/ATO*RAJESH AND
CO/112019581941",,680.00,,"244,673.01Cr",,,,,,,,,
4,30/04/21 19:16,30/04/21,UPI/MOB/112019629484/UPI,,335.00,,"244,338.01Cr",,,,,,,,,
5,01/05/21 10:19,01/05/21,UPI/MOB/112110548723/UPI,,"3,000.00",,"241,338.01Cr",,,,,,,,,
6,01/05/21 12:37,01/05/21,UPI/MOB/112112034845/UPI,,570.00,,"240,768.01Cr",,,,,,,,,
7,01/05/21 19:18,01/05/21,UPI/MOB/112119758056/UPI,,252.00,,"240,516.01Cr",,,,,,,,,
8,01/05/21 19:21,01/05/21,UPI/MOB/112119829785/UPI,,240.00,,"240,276.01Cr",,,,,,,,,
9,02/05/21 11:41,02/05/21,UPI/MOB/112211718345/Refund,,,"1,574.00","241,850.01Cr",,,,,,,,,
10,02/05/21 12:17,02/05/21,UPI/MOB/112212479167/RBOX,,600.00,,"241,250.01Cr",,,,,,,,,
11,02/05/21 16:49,02/05/21,"POS-VISA/ATO*RAJESH AND
CO/112216496651",,680.00,,"240,570.01Cr",,,,,,,,,
12,02/05/21 22:35,02/05/21,UPI/MOB/112222165417/UPI,,349.00,,"240,221.01Cr",,,,,,,,,
13,03/05/21 10:37,03/05/21,"ATM-NFS/CASH WITHDRAWAL/SBP
DHARA/112310004136",,"6,000.00",,"234,221.01Cr",,,,,,,,,
14,03/05/21 10:38,03/05/21,"ATM-NFS/WITHDRAWAL REVERSED/SBP
DHARA/112310004136",,,"6,000.00","240,221.01Cr",,,,,,,,,
15,03/05/21 10:38,03/05/21,"ATM-NFS/CASH WITHDRAWAL/SBP
DHARA/112310024710",,"5,000.00",,"235,221.01Cr",,,,,,,,,
16,03/05/21 13:59,03/05/21,UPI/MOB/112313204615/RBOX,,"3,000.00",,"232,221.01Cr",,,,,,,,,
17,03/05/21 15:04,03/05/21,UPI/MOB/112315705832/UPI,,140.00,,"232,081.01Cr",,,,,,,,,
18,03/05/21 15:49,03/05/21,UPI/MOB/112315688663/UPI,,240.00,,"231,841.01Cr",,,,,,,,,
19,03/05/21 19:20,03/05/21,"POS-VISA/ATO*RAJESH AND
CO/112319964587",,"1,360.00",,"230,481.01Cr",,,,,,,,,
20,03/05/21 19:26,03/05/21,UPI/MOB/112319715121/UPI,,455.00,,"230,026.01Cr",,,,,,,,,
21,03/05/21 20:01,03/05/21,UPI/MOB/112320869001/UPI,,50.00,,"229,976.01Cr",,,,,,,,,
22,03/05/21 20:05,03/05/21,"UPI/MOB/112320970330/MAOJAZATECH
NOLOGYPRIVATELIMIT",,600.00,,"229,376.01Cr",,,,,,,,,
23,03/05/21 20:11,03/05/21,UPI/MOB/112320138380/UPI,,"1,000.00",,"228,376.01Cr",,,,,,,,,
24,03/05/21 20:18,03/05/21,UPI/MOB/112320359536/UPI,,"1,000.00",,"227,376.01Cr",,,,,,,,,
0,03/05/21 21:30,03/05/21,UPI/MOB/112321907722/UPI,,,200.0,"227,576.01Cr",,,,,,,,,
1,04/05/21 10:51,04/05/21,UPI/MOB/112410700303/UPI,,50.00,,"227,526.01Cr",,,,,,,,,
2,04/05/21 11:49,04/05/21,"IMPS-MOB/Fund
Trf/112411047310/ADVANTEOTECHSOL/19
742050000003/",,,246.0,"227,772.01Cr",,,,,,,,,
3,04/05/21 12:17,04/05/21,UPI/MOB/112412984408/UPI,,"1,400.00",,"226,372.01Cr",,,,,,,,,
4,04/05/21 14:41,04/05/21,"POS-VISA/A AND K
ENTERPRISES/112409010230",,"3,000.00",,"223,372.01Cr",,,,,,,,,
5,04/05/21 16:39,04/05/21,UPI/MOB/112416968685/UPI,,"3,000.00",,"220,372.01Cr",,,,,,,,,
6,04/05/21 16:48,04/05/21,UPI/MOB/112416173304/UberRide,,74.00,,"220,298.01Cr",,,,,,,,,
7,04/05/21 18:06,04/05/21,UPI/MOB/112418936589/UPI Transaction,,600.00,,"219,698.01Cr",,,,,,,,,
8,05/05/21 07:44,05/05/21,UPI/MOB/112507981938/UberRide,,130.00,,"219,568.01Cr",,,,,,,,,
9,05/05/21 07:46,05/05/21,UPI/MOB/112507008302/UPI,,"6,500.00",,"213,068.01Cr",,,,,,,,,
10,05/05/21 09:36,05/05/21,"POS-VISA/A AND K
ENTERPRISES/112504005828",,"1,319.00",,"211,749.01Cr",,,,,,,,,
11,05/05/21 09:54,05/05/21,"POS-VISA/KRISHAN KUMAR
GARG/112509130533",,550.00,,"211,199.01Cr",,,,,,,,,
12,05/05/21 10:04,05/05/21,"POS-VISA/UMBRELLA THE SUPER STOZIR
-ZIRA/1125042500",,935.00,,"210,264.01Cr",,,,,,,,,
13,05/05/21 10:10,05/05/21,UPI/MOB/112510650701/Verified Merchant,,155.00,,"210,109.01Cr",,,,,,,,,
14,05/05/21 11:57,05/05/21,UPI/MOB/112511052945/Upi Transaction,,600.00,,"209,509.01Cr",,,,,,,,,
15,05/05/21 18:28,05/05/21,"UPI/MOB/112518294888/DIVYAM
INFRACON PVT LTD",,600.00,,"208,909.01Cr",,,,,,,,,
16,06/05/21 13:13,06/05/21,UPI/MOB/112613713918/AirtelMoney,,200.00,,"208,709.01Cr",,,,,,,,,
17,06/05/21 13:24,06/05/21,UPI/MOB/112613094352/Purplehues Life,,600.00,,"208,109.01Cr",,,,,,,,,
18,06/05/21 17:16,06/05/21,UPI/MOB/112617454564/UPI,,"1,000.00",,"207,109.01Cr",,,,,,,,,
19,06/05/21 18:42,06/05/21,UPI/MOB/112618362067/UPI,,230.00,,"206,879.01Cr",,,,,,,,,
20,06/05/21 18:59,06/05/21,"POS-VISA/ATO*RAJESH AND
CO/112618561046",,"1,950.00",,"204,929.01Cr",,,,,,,,,
21,06/05/21 19:13,06/05/21,UPI/MOB/112619124177/UPI,,320.00,,"204,609.01Cr",,,,,,,,,
22,07/05/21 19:03,07/05/21,UPI/MOB/112719169619/UPI,,360.00,,"204,249.01Cr",,,,,,,,,
23,08/05/21 14:01,08/05/21,"ATM-NFS/CASH WITHDRAWAL/Modern
Dh/112814378032",,"9,000.00",,"195,249.01Cr",,,,,,,,,
24,08/05/21 16:40,08/05/21,POS-VISA/KRISHNA FOODS/112811320256,,898.00,,"194,351.01Cr",,,,,,,,,
0,09/05/21 12:30,09/05/21,POS-VISA/CY-DCL.COM/112907405340,,75.24,,"194,275.77Cr",,,,,,,,,
1,09/05/21 13:01,09/05/21,POS-VISA/CY-DCL.COM/112907601279,,146.72,,"194,129.05Cr",,,,,,,,,
2,09/05/21 15:26,09/05/21,UPI/MOB/112915176113/refund-request,,,"5,493.00","199,622.05Cr",,,,,,,,,
3,09/05/21 15:27,09/05/21,UPI/MOB/112915177154/refund-request,,,"5,493.00","205,115.05Cr",,,,,,,,,
4,09/05/21 15:27,09/05/21,UPI/MOB/112915177428/refund-request,,,"3,435.00","208,550.05Cr",,,,,,,,,
5,09/05/21 15:48,09/05/21,POS-VISA/MEHFIL/112910756919,,473.00,,"208,077.05Cr",,,,,,,,,
6,10/05/21 12:34,10/05/21,UPI/MOB/113012358971/UPI,,215.00,,"207,862.05Cr",,,,,,,,,
7,11/05/21 04:53,11/05/21,"Charge:Cash Wdl at Other
ATM/Inv0604211475885161/10-APR-2021",,20.00,,"207,842.05Cr",,,,,,,,,
8,11/05/21 04:53,11/05/21,"CGST on Charge:Cash Wdl at Other
ATM/Inv0604211475885161/10-APR-2021",,1.80,,"207,840.25Cr",,,,,,,,,
9,11/05/21 04:53,11/05/21,"SGST on Charge:Cash Wdl at Other
ATM/Inv0604211475885161/10-APR-2021",,1.80,,"207,838.45Cr",,,,,,,,,
10,11/05/21 07:27,11/05/21,"Charge:Cash Wdl at Other
ATM/Inv0604211524583361/13-APR-2021",,20.00,,"207,818.45Cr",,,,,,,,,
11,11/05/21 07:27,11/05/21,"CGST on Charge:Cash Wdl at Other
ATM/Inv0604211524583361/13-APR-2021",,1.80,,"207,816.65Cr",,,,,,,,,
12,11/05/21 07:27,11/05/21,"SGST on Charge:Cash Wdl at Other
ATM/Inv0604211524583361/13-APR-2021",,1.80,,"207,814.85Cr",,,,,,,,,
13,11/05/21 11:28,11/05/21,"Charge:Cash Wdl at Other
ATM/Inv0604211588709551/21-APR-2021",,20.00,,"207,794.85Cr",,,,,,,,,
14,11/05/21 11:28,11/05/21,"CGST on Charge:Cash Wdl at Other
ATM/Inv0604211588709551/21-APR-2021",,1.80,,"207,793.05Cr",,,,,,,,,
15,11/05/21 11:28,11/05/21,"SGST on Charge:Cash Wdl at Other
ATM/Inv0604211588709551/21-APR-2021",,1.80,,"207,791.25Cr",,,,,,,,,
16,11/05/21 12:39,11/05/21,"ATM-NFS/CASH
WITHDRAWAL/INDUSIND/113112014483",,"4,000.00",,"203,791.25Cr",,,,,,,,,
17,11/05/21 12:53,11/05/21,"POS-VISA/KRISHAN KUMAR
GARG/113112960903",,550.00,,"203,241.25Cr",,,,,,,,,
18,11/05/21 13:21,11/05/21,"Charge:Cash Wdl at Other
ATM/Inv0604211595552171/22-APR-2021",,20.00,,"203,221.25Cr",,,,,,,,,
19,11/05/21 13:21,11/05/21,"CGST on Charge:Cash Wdl at Other
ATM/Inv0604211595552171/22-APR-2021",,1.80,,"203,219.45Cr",,,,,,,,,
20,11/05/21 13:21,11/05/21,"SGST on Charge:Cash Wdl at Other
ATM/Inv0604211595552171/22-APR-2021",,1.80,,"203,217.65Cr",,,,,,,,,
21,11/05/21 13:36,11/05/21,UPI/MOB/113113040781/Purplehues Life,,600.00,,"202,617.65Cr",,,,,,,,,
22,11/05/21 13:53,11/05/21,UPI/MOB/113113151968/UPI,,,"5,000.00","207,617.65Cr",,,,,,,,,
0,11/05/21 17:55,11/05/21,UPI/MOB/113117601261/AirtelMoney,,400.00,,"207,217.65Cr",,,,,,,,,
1,12/05/21 16:25,12/05/21,"POS-VISA/UMBRELLA THE SUPER STOZIR
-ZIRA/1132106603",,932.00,,"206,285.65Cr",,,,,,,,,
2,12/05/21 16:33,12/05/21,"POS-VISA/KRISHAN KUMAR
GARG/113216437738",,"1,100.00",,"205,185.65Cr",,,,,,,,,
3,12/05/21 16:40,12/05/21,POS-VISA/DAILY MART 20/113211562023,,312.00,,"204,873.65Cr",,,,,,,,,
4,12/05/21 16:46,12/05/21,"REF/VISA POS/CY-D/INT TXN
DIFF/112907601279/210509",,,.54,"204,874.19Cr",,,,,,,,,
5,12/05/21 17:15,12/05/21,"POS-VISA/CHANDEL FILLING
STATIOPARWANOO/1132119984",,"1,000.00",,"203,874.19Cr",,,,,,,,,
6,12/05/21 17:53,12/05/21,UPI/MOB/113217073534/UPI,,75.00,,"203,799.19Cr",,,,,,,,,
7,13/05/21 08:48,13/05/21,UPI/MOB/113308256321/UPI,,50.00,,"203,749.19Cr",,,,,,,,,
8,13/05/21 14:25,13/05/21,"ATM-NFS/CASH WITHDRAWAL/SBP
DHARA/113314009642",,"3,000.00",,"200,749.19Cr",,,,,,,,,
9,13/05/21 14:28,13/05/21,UPI/MOB/113314946697/UPI,,320.00,,"200,429.19Cr",,,,,,,,,
10,13/05/21 15:21,13/05/21,UPI/MOB/113315901527/UPI,,249.00,,"200,180.19Cr",,,,,,,,,
11,14/05/21 08:23,14/05/21,UPI/MOB/113408536402/UPI,,50.00,,"200,130.19Cr",,,,,,,,,
12,14/05/21 11:39,14/05/21,UPI/MOB/113411631464/UPI,,20.00,,"200,110.19Cr",,,,,,,,,
13,14/05/21 15:29,14/05/21,UPI/MOB/113415064751/UPI,,370.00,,"199,740.19Cr",,,,,,,,,
14,15/05/21 09:50,15/05/21,UPI/MOB/113509355319/UPI,,,100.00,"199,840.19Cr",,,,,,,,,
15,15/05/21 09:52,15/05/21,UPI/MOB/113509383741/UPI,,,"6,900.00","206,740.19Cr",,,,,,,,,
16,15/05/21 13:51,15/05/21,"ATM-NFS/CASH WITHDRAWAL/Modern
Dh/113513378566",,"10,000.00",,"196,740.19Cr",,,,,,,,,
17,15/05/21 13:52,15/05/21,"ATM-NFS/WITHDRAWAL
REVERSED/Modern Dh/113513378566",,,"10,000.00","206,740.19Cr",,,,,,,,,
18,15/05/21 13:52,15/05/21,"ATM-NFS/CASH WITHDRAWAL/Modern
Dh/113513378568",,"5,000.00",,"201,740.19Cr",,,,,,,,,
19,15/05/21 13:53,15/05/21,"ATM-NFS/WITHDRAWAL
REVERSED/Modern Dh/113513378568",,,"5,000.00","206,740.19Cr",,,,,,,,,
20,15/05/21 13:59,15/05/21,"ATM-NFS/CASH WITHDRAWAL/SBP
DHARA/113513001521",,"10,000.00",,"196,740.19Cr",,,,,,,,,
21,15/05/21 16:27,15/05/21,"REF/POS-VISA/CHANDEL
FILLING/800702/120521",,,7.50,"196,747.69Cr",,,,,,,,,
22,16/05/21 09:16,16/05/21,UPI/MOB/113609696397/UPI,,50.00,,"196,697.69Cr",,,,,,,,,
23,16/05/21 12:48,16/05/21,POS-VISA/PAYU MONEY/113607164399,,765.36,,"195,932.33Cr",,,,,,,,,
0,,,,,,,,,,,,,,,,
1,,,UPI/MOB/101217833704/Upi Transaction,,,,,,12/01/21,,,500.00,,12/01/21 17:49,,"56,390.84Cr"
2,,,"POS-VISA/PETRO INDIA FILLING
STPANCHAKU/1012133296",,,,,,12/01/21,,,500.00,,12/01/21 18:46,,"55,890.84Cr"
3,,,"ATM-NFS/CASH
WITHDRAWAL/INDUSIND/101219023614",,,,,,12/01/21,,,500.00,,12/01/21 19:02,,"55,390.84Cr"
4,,,"POS-VISA/KRISHAN KUMAR
GARG/101219506343",,,,,,12/01/21,,,150.00,,12/01/21 19:04,,"55,240.84Cr"
5,,,UPI/MOB/101313997359/Upi Transaction,,,,,,13/01/21,,,"1,000.00",,13/01/21 13:15,,"54,240.84Cr"
6,,,"REF/POS-VISA/GOOGLE ADWORDS
/003809/120121",,,,,,13/01/21,,,,1.00,13/01/21 15:28,,"54,241.84Cr"
7,,,"POS-VISA/KRISHAN KUMAR
GARG/101318149056",,,,,,13/01/21,,,150.00,,13/01/21 18:57,,"54,091.84Cr"
8,,,UPI/MOB/101412226439/Upi Transaction,,,,,,14/01/21,,,"1,000.00",,14/01/21 12:44,,"53,091.84Cr"
9,,,"REF/POS-VISA/PETRO INDIA
FIL/599762/120121",,,,,,14/01/21,,,,3.75,14/01/21 15:09,,"53,095.59Cr"
10,,,UPI/MOB/101415967765/Advance,,,,,,14/01/21,,,"1,000.00",,14/01/21 15:21,,"52,095.59Cr"
11,,,UPI/MOB/101416942307/2nd advance,,,,,,14/01/21,,,500.00,,14/01/21 16:09,,"51,595.59Cr"
12,,,UPI/MOB/101416104701/UberRide,,,,,,14/01/21,,,129.00,,14/01/21 16:17,,"51,466.59Cr"
13,,,UPI/MOB/101417072419/UberRide,,,,,,14/01/21,,,29.00,,14/01/21 17:02,,"51,437.59Cr"
14,,,UPI/MOB/101418607398/3rd layment,,,,,,14/01/21,,,500.00,,14/01/21 18:10,,"50,937.59Cr"
15,,,"POS-VISA/JAI HIND FILLING
STATISOLAN/101419049581",,,,,,14/01/21,,,500.00,,14/01/21 19:00,,"50,437.59Cr"
16,,,POS-VISA/RAJESH AND CO/101413326371,,,,,,14/01/21,,,550.00,,14/01/21 19:05,,"49,887.59Cr"
17,,,"ATM-NFS/CASH WITHDRAWAL/SBP
DHARA/101419028964",,,,,,14/01/21,,,"3,000.00",,14/01/21 19:32,,"46,887.59Cr"
18,,,"POS-VISA/UMBRELLA THE SUPER
STOZIRAKPUR/1015080314",,,,,,15/01/21,,,444.00,,15/01/21 14:14,,"46,443.59Cr"
19,,,UPI/MOB/101515405972/UPI,,,,,,15/01/21,,,"1,800.00",,15/01/21 15:07,,"44,643.59Cr"
20,,,"ATM-NFS/CASH
WITHDRAWAL/INDUSIND/101518028867",,,,,,15/01/21,,,"3,000.00",,15/01/21 18:37,,"41,643.59Cr"
21,,,"IMPS-MOB/Fund
Trf/101612628280/34116625/15708780395
2/",,,,,,16/01/21,,,,20.00,16/01/21 12:24,,"41,663.59Cr"
22,,,"UPI/MOB/101614186023/mahableshwar
booking",,,,,,16/01/21,,,,"13,000.00",16/01/21 14:22,,"54,663.59Cr"
23,,,UPI/MOB/101617172220/BhartiAirtelServic,,,,,,16/01/21,,,500.00,,16/01/21 17:17,,"54,163.59Cr"
0,16/05/21 18:01,16/05/21,UPI/MOB/113618870708/UPI,,510.00,,"195,422.33Cr",,,,,,,,,
1,16/05/21 18:03,16/05/21,"ATM-NFS/CASH WITHDRAWAL/SBP
DHARA/113618012200",,"4,000.00",,"191,422.33Cr",,,,,,,,,
2,17/05/21 07:43,17/05/21,UPI/MOB/113707913825/UPI,,50.00,,"191,372.33Cr",,,,,,,,,
3,17/05/21 10:13,17/05/21,UPI/MOB/113710978467/UPI,,,500.00,"191,872.33Cr",,,,,,,,,
4,17/05/21 11:43,17/05/21,"POS-VISA/KRISHAN KUMAR
GARG/113711226807",,550.00,,"191,322.33Cr",,,,,,,,,
5,17/05/21 13:27,17/05/21,UPI/MOB/113713095226/Refund,,,599.00,"191,921.33Cr",,,,,,,,,
6,17/05/21 17:05,17/05/21,"POS-VISA/KRISHAN KUMAR
GARG/113717346106",,"2,200.00",,"189,721.33Cr",,,,,,,,,
7,17/05/21 17:13,17/05/21,UPI/MOB/113717297199/UPI,,,"2,200.00","191,921.33Cr",,,,,,,,,
8,17/05/21 23:24,17/05/21,"FD/RD 10068745645 maturity :Account
credited/Principal:50000/Gross
Interest:154/TDS:0/",,,"50,154.00","242,075.33Cr",,,,,,,,,
9,17/05/21 23:25,17/05/21,FD 10070544079 booked via Net Banking,,"30,000.00",,"212,075.33Cr",,,,,,,,,
10,18/05/21 12:24,18/05/21,"POS-VISA/UMBRELLA THE SUPER STOZIR
-ZIRA/1138065345",,"1,177.00",,"210,898.33Cr",,,,,,,,,
11,18/05/21 12:25,18/05/21,"POS-VISA/UMBRELLA THE SUPER STOZIR
-ZIRA/1138065347",,23.00,,"210,875.33Cr",,,,,,,,,
12,18/05/21 17:35,18/05/21,UPI/MOB/113817472625/refund-request,,,"6,896.00","217,771.33Cr",,,,,,,,,
13,19/05/21 11:51,19/05/21,UPI/MOB/113911162870/AirtelMoney,,200.00,,"217,571.33Cr",,,,,,,,,
14,19/05/21 16:52,19/05/21,"POS-VISA/UMBRELLA THE SUPER STOZIR
-ZIRA/1139117167",,367.00,,"217,204.33Cr",,,,,,,,,
15,19/05/21 16:55,19/05/21,"POS-VISA/KRISHAN KUMAR
GARG/113916108079",,"1,100.00",,"216,104.33Cr",,,,,,,,,
16,19/05/21 17:03,19/05/21,POS-VISA/DAILY MART 20/113911603822,,"1,030.00",,"215,074.33Cr",,,,,,,,,
17,19/05/21 17:41,19/05/21,"POS-VISA/CHANDEL FILLING
STATIOPARWANOO/1139124516",,"1,000.00",,"214,074.33Cr",,,,,,,,,
18,19/05/21 18:04,19/05/21,"REF/VISAPOS/CY-
DCL.COM/112907405340/090521",,,75.24,"214,149.57Cr",,,,,,,,,
19,19/05/21 18:23,19/05/21,UPI/MOB/113918417568/UPI,,180.00,,"213,969.57Cr",,,,,,,,,
20,20/05/21 07:51,20/05/21,UPI/MOB/114007452674/UPI,,50.00,,"213,919.57Cr",,,,,,,,,
21,20/05/21 07:54,20/05/21,UPI/MOB/114007487583/UPI,,50.00,,"213,869.57Cr",,,,,,,,,
22,20/05/21 11:16,20/05/21,UPI/MOB/114011258422/UPI,,49.00,,"213,820.57Cr",,,,,,,,,
23,20/05/21 11:18,20/05/21,UPI/MOB/114011306289/UPI,,49.00,,"213,771.57Cr",,,,,,,,,
0,20/05/21 12:38,20/05/21,UPI/MOB/114012078102/UPI,,520.00,,"213,251.57Cr",,,,,,,,,
1,20/05/21 12:40,20/05/21,UPI/MOB/114012116304/UPI,,200.00,,"213,051.57Cr",,,,,,,,,
2,20/05/21 17:45,20/05/21,"ATM-NFS/CASH WITHDRAWAL/SBP
DHARA/114017010850",,"3,000.00",,"210,051.57Cr",,,,,,,,,
3,20/05/21 18:08,20/05/21,UPI/MOB/114018054990/UPI,,250.00,,"209,801.57Cr",,,,,,,,,
4,20/05/21 18:17,20/05/21,"IMPS-RIB/Fund Trf/114018350551/lav
gupta/157087803952INDB/",,"13,500.00",,"196,301.57Cr",,,,,,,,,
5,20/05/21 23:21,20/05/21,UPI/MOB/114023489480/UPI,,555.00,,"195,746.57Cr",,,,,,,,,
6,21/05/21 15:56,21/05/21,"ATM-NFS/CASH WITHDRAWAL/SBP
DHARA/114115017169",,"3,000.00",,"192,746.57Cr",,,,,,,,,
7,21/05/21 16:14,21/05/21,UPI/MOB/114116166104/UPI,,560.00,,"192,186.57Cr",,,,,,,,,
8,22/05/21 07:48,22/05/21,UPI/MOB/114207257715/UPI,,50.00,,"192,136.57Cr",,,,,,,,,
9,22/05/21 11:00,22/05/21,UPI/MOB/114211556070/UPI,,"2,500.00",,"189,636.57Cr",,,,,,,,,
10,22/05/21 15:54,22/05/21,UPI/MOB/114215771491/cab charges,,"2,000.00",,"187,636.57Cr",,,,,,,,,
11,22/05/21 18:02,22/05/21,UPI/MOB/114218800439/UPI,,570.00,,"187,066.57Cr",,,,,,,,,
12,22/05/21 18:07,22/05/21,"REF/POS-VISA/CHANDEL
FILLING/694044/190521",,,7.50,"187,074.07Cr",,,,,,,,,
13,22/05/21 20:10,22/05/21,UPI/MOB/114220504442/UPI,,"10,000.00",,"177,074.07Cr",,,,,,,,,
14,23/05/21 16:45,23/05/21,POS-VISA/MEHFIL/114311009047,,559.00,,"176,515.07Cr",,,,,,,,,
15,23/05/21 17:31,23/05/21,"ATM-NFS/CASH WITHDRAWAL/SBP
DHARA/114317014867",,"5,000.00",,"171,515.07Cr",,,,,,,,,
16,23/05/21 17:31,23/05/21,"ATM-NFS/WITHDRAWAL REVERSED/SBP
DHARA/114317014867",,,"5,000.00","176,515.07Cr",,,,,,,,,
17,23/05/21 17:33,23/05/21,UPI/MOB/114317695594/UPI,,470.00,,"176,045.07Cr",,,,,,,,,
18,24/05/21 11:14,24/05/21,UPI/MOB/114411864784/UPI,,"7,400.00",,"168,645.07Cr",,,,,,,,,
19,24/05/21 12:33,24/05/21,"POS-VISA/KRISHAN KUMAR
GARG/114412104882",,550.00,,"168,095.07Cr",,,,,,,,,
20,24/05/21 20:17,24/05/21,"REF/Credit Adjustment/114011306289/20-
05-2021",,,49.00,"168,144.07Cr",,,,,,,,,
21,24/05/21 20:17,24/05/21,"REF/Credit Adjustment/114011258422/20-
05-2021",,,49.00,"168,193.07Cr",,,,,,,,,
22,25/05/21 11:22,25/05/21,UPI/MOB/114511221175/AirtelMoney,,100.00,,"168,093.07Cr",,,,,,,,,
23,26/05/21 13:12,26/05/21,UPI/MOB/114613065568/AirtelMoney,,600.00,,"167,493.07Cr",,,,,,,,,
24,26/05/21 14:55,26/05/21,"POS-VISA/UMBRELLA THE SUPER STOZIR
-ZIRA/1146099189",,395.00,,"167,098.07Cr",,,,,,,,,
0,,,,,,,,,,,,,,,,
1,,,"POS-VISA/KRISHAN KUMAR
GARG/114614960492",,,,,,26/05/21,,,"1,300.00",,26/05/21 14:59,,"165,798.07Cr"
2,,,POS-VISA/DAILY MART 20/114609650316,,,,,,26/05/21,,,566.00,,26/05/21 15:11,,"165,232.07Cr"
3,,,"POS-VISA/CHANDEL FILLING
STATIOPARWANOO/1146101448",,,,,,26/05/21,,,"1,000.00",,26/05/21 15:53,,"164,232.07Cr"
4,,,UPI/MOB/114616686552/UPI,,,,,,26/05/21,,,340.00,,26/05/21 16:51,,"163,892.07Cr"
5,,,UPI/MOB/114617079151/room rent,,,,,,26/05/21,,,"3,000.00",,26/05/21 17:16,,"160,892.07Cr"
6,,,UPI/MOB/114618286809/UPI,,,,,,26/05/21,,,100.00,,26/05/21 18:25,,"160,792.07Cr"
7,,,UPI/MOB/114700491917/UPI,,,,,,27/05/21,,,50.00,,27/05/21 00:36,,"160,742.07Cr"
8,,,UPI/MOB/114700518712/UPI,,,,,,27/05/21,,,20.00,,27/05/21 00:42,,"160,722.07Cr"
9,,,"POS-VISA/KRISHAN KUMAR
GARG/114713323558",,,,,,27/05/21,,,460.00,,27/05/21 13:47,,"160,262.07Cr"
10,,,"UPI/MOB/114812372246/ZomatoOnlineOrd
er",,,,,,28/05/21,,,151.00,,28/05/21 12:11,,"160,111.07Cr"
11,,,UPI/MOB/114814626731/phone charger,,,,,,28/05/21,,,600.00,,28/05/21 14:04,,"159,511.07Cr"
12,,,UPI/MOB/114816487436/UberRide,,,,,,28/05/21,,,61.00,,28/05/21 16:57,,"159,450.07Cr"
13,,,"POS-VISA/UMBRELLA THE SUPER STOZIR
-ZIRA/1148112621",,,,,,28/05/21,,,837.00,,28/05/21 17:09,,"158,613.07Cr"
14,,,"POS-VISA/PARADISE
LIQUORS/114811663355",,,,,,28/05/21,,,"1,000.00",,28/05/21 17:17,,"157,613.07Cr"
15,,,"POS-VISA/PETRO INDIA FILLING
STPANCHAKU/1148119412",,,,,,28/05/21,,,"1,000.00",,28/05/21 17:20,,"156,613.07Cr"
16,,,UPI/MOB/114817004138/AirtelMoney,,,,,,28/05/21,,,100.00,,28/05/21 17:28,,"156,513.07Cr"
17,,,UPI/MOB/114819832687/UPI,,,,,,28/05/21,,,270.00,,28/05/21 19:02,,"156,243.07Cr"
18,,,"REF/Credit Adjustment/114511221175/25-
05-2021",,,,,,28/05/21,,,,100.0,28/05/21 20:43,,"156,343.07Cr"
19,,,UPI/MOB/114820050128/UPI,,,,,,28/05/21,,,700.00,,28/05/21 20:45,,"155,643.07Cr"
20,,,UPI/MOB/114915198086/UPI,,,,,,29/05/21,,,330.00,,29/05/21 15:16,,"155,313.07Cr"
21,,,UPI/MOB/114918631781/UPI,,,,,,29/05/21,,,,220.0,29/05/21 18:12,,"155,533.07Cr"
22,,,"REF/POS-VISA/CHANDEL
FILLING/534694/260521",,,,,,29/05/21,,,,7.5,29/05/21 19:28,,"155,540.57Cr"
23,,,UPI/MOB/114921286004/UPI,,,,,,29/05/21,,,50.00,,29/05/21 21:28,,"155,490.57Cr"
24,,,UPI/MOB/115009775148/UPI,,,,,,30/05/21,,,"2,000.00",,30/05/21 09:03,,"153,490.57Cr"
0,30/05/21 11:35,30/05/21,UPI/MOB/115011696006/UPI,,"10,000.00",,"143,490.57Cr",,,,,,,,,
1,30/05/21 11:36,30/05/21,"UPI/MOB/115011710947/Earned for using
Google Pay",,,6.0,"143,496.57Cr",,,,,,,,,
2,30/05/21 12:55,30/05/21,UPI/MOB/115012276949/UberRide,,141.00,,"143,355.57Cr",,,,,,,,,
3,30/05/21 13:04,30/05/21,POS-VISA/DAILY MART 20/115007675476,,164.00,,"143,191.57Cr",,,,,,,,,
4,30/05/21 13:12,30/05/21,"POS-VISA/KRISHAN KUMAR
GARG/115013551865",,450.00,,"142,741.57Cr",,,,,,,,,
5,30/05/21 13:19,30/05/21,UPI/MOB/115013711766/UPI,,320.00,,"142,421.57Cr",,,,,,,,,
6,31/05/21 12:35,31/05/21,"POS-VISA/GODADDY INDIA DOMAINS
MUMBAI/115107057437",,706.82,,"141,714.75Cr",,,,,,,,,
7,31/05/21 18:08,31/05/21,"REF/POS-VISA/PETRO INDIA
FIL/773858/280521",,,7.5,"141,722.25Cr",,,,,,,,,
8,01/06/21 17:22,01/06/21,"POS-VISA/KRISHAN KUMAR
GARG/115217552069",,480.00,,"141,242.25Cr",,,,,,,,,
9,01/06/21 18:05,01/06/21,"POS-VISA/CHANDEL FILLING
STATIOPARWANOO/1152126417",,500.00,,"140,742.25Cr",,,,,,,,,
10,01/06/21 18:34,01/06/21,UPI/MOB/115218797326/UPI,,310.00,,"140,432.25Cr",,,,,,,,,
11,01/06/21 19:22,01/06/21,UPI/MOB/115219096041/UPI,,300.00,,"140,132.25Cr",,,,,,,,,
12,01/06/21 21:27,01/06/21,"REF/Credit Adjustment/114700518712/27-
05-2021",,,20.0,"140,152.25Cr",,,,,,,,,
13,02/06/21 14:41,02/06/21,UPI/MOB/115314585395/UPI,,460.00,,"139,692.25Cr",,,,,,,,,
14,02/06/21 18:49,02/06/21,UPI/MOB/115318094880/UPI,,350.00,,"139,342.25Cr",,,,,,,,,
15,03/06/21 09:28,03/06/21,UPI/MOB/115409680417/UPI,,"1,360.00",,"137,982.25Cr",,,,,,,,,
16,03/06/21 12:07,03/06/21,UPI/MOB/115412579363/UPI,,"1,200.00",,"136,782.25Cr",,,,,,,,,
17,03/06/21 13:04,03/06/21,"POS-VISA/KRISHAN KUMAR
GARG/115413404904",,450.00,,"136,332.25Cr",,,,,,,,,
18,04/06/21 19:00,04/06/21,"REF/POS-VISA/CHANDEL
FILLING/297826/010621",,,3.75,"136,336.00Cr",,,,,,,,,
19,04/06/21 20:55,04/06/21,UPI/MOB/115520331897/oil payment,,,85.0,"136,421.00Cr",,,,,,,,,
20,05/06/21 12:09,05/06/21,"ATM-NFS/CASH
WITHDRAWAL/INDUSIND/115612023001",,"2,000.00",,"134,421.00Cr",,,,,,,,,
21,05/06/21 13:31,05/06/21,UPI/MOB/115613467469/car wash,,300.00,,"134,121.00Cr",,,,,,,,,
22,05/06/21 13:43,05/06/21,"POS-VISA/UMBRELLA THE SUPER STOZIR
-ZIRA/1156087356",,434.00,,"133,687.00Cr",,,,,,,,,
23,05/06/21 14:46,05/06/21,"POS-VISA/GOOGLE *TEMPORARY
HOLDg.co/hel/1156484612",,1.00,,"133,686.00Cr",,,,,,,,,
0,05/06/21 14:47,05/06/21,"POS-VISA/GOOGLE *SERVICES-
CANCELLED/115648461278",,,1.0,"133,687.00Cr",,,,,,,,,
1,05/06/21 14:47,05/06/21,POS-VISA/GOOGLE *happn/115664184564,,599.00,,"133,088.00Cr",,,,,,,,,
2,06/06/21 11:57,06/06/21,"UPI/MOB/115711625162/You are paying for
an Amazon",,"1,218.00",,"131,870.00Cr",,,,,,,,,
3,06/06/21 12:02,06/06/21,"UPI/MOB/115712659128/You are paying for
an Amazon",,999.00,,"130,871.00Cr",,,,,,,,,
4,06/06/21 15:51,06/06/21,"POS-VISA/UMBRELLA THE SUPER STOZIR
-ZIRA/1157109558",,120.00,,"130,751.00Cr",,,,,,,,,
5,06/06/21 15:51,06/06/21,"POS-VISA/UMBRELLA THE SUPER STOZIR
-ZIRA/1157109559",,158.00,,"130,593.00Cr",,,,,,,,,
6,06/06/21 15:57,06/06/21,"POS-VISA/KRISHAN KUMAR
GARG/115715930125",,900.00,,"129,693.00Cr",,,,,,,,,
7,06/06/21 16:29,06/06/21,"POS-VISA/TRUCK SUPPLIERS CORPORPIN
-PINJ/1157109610",,500.00,,"129,193.00Cr",,,,,,,,,
8,06/06/21 16:41,06/06/21,UPI/MOB/115716140602/AirtelMoney,,100.00,,"129,093.00Cr",,,,,,,,,
9,07/06/21 15:52,07/06/21,UPI/MOB/115815355228/UPI,,60.00,,"129,033.00Cr",,,,,,,,,
10,07/06/21 17:53,07/06/21,UPI/MOB/115817007751/UPI,,"4,000.00",,"125,033.00Cr",,,,,,,,,
11,07/06/21 19:54,07/06/21,"ATM-NFS/CASH WITHDRAWAL/SBP
DHARA/115819025521",,"2,000.00",,"123,033.00Cr",,,,,,,,,
12,07/06/21 19:56,07/06/21,UPI/MOB/115819245717/UPI,,430.00,,"122,603.00Cr",,,,,,,,,
13,08/06/21 12:15,08/06/21,UPI/MOB/115912361425/UPI,,"5,000.00",,"117,603.00Cr",,,,,,,,,
14,08/06/21 12:38,08/06/21,UPI/MOB/115912963022/Zomato payment,,309.56,,"117,293.44Cr",,,,,,,,,
15,08/06/21 16:24,08/06/21,"REF/POS-VISA/HPCL 0.75%
CASH/178850/060621",,,3.75,"117,297.19Cr",,,,,,,,,
16,08/06/21 18:40,08/06/21,UPI/MOB/115918014445/UPI,,675.00,,"116,622.19Cr",,,,,,,,,
17,09/06/21 12:16,09/06/21,UPI/MOB/116012290162/UPI,,"3,480.00",,"113,142.19Cr",,,,,,,,,
18,09/06/21 20:56,09/06/21,"UPI/MOB/116020134310/ZomatoOnlineOrd
er",,424.75,,"112,717.44Cr",,,,,,,,,
19,10/06/21 06:38,10/06/21,"Charge:Cash Wdl at Other
ATM/Inv0605211809055711/16-MAY-2021/",,20.00,,"112,697.44Cr",,,,,,,,,
20,10/06/21 06:38,10/06/21,"CGST on Charge:Cash Wdl at Other
ATM/Inv0605211809055711/16-MAY-2021/",,1.80,,"112,695.64Cr",,,,,,,,,
21,10/06/21 06:38,10/06/21,"SGST on Charge:Cash Wdl at Other
ATM/Inv0605211809055711/16-MAY-2021/",,1.80,,"112,693.84Cr",,,,,,,,,
22,10/06/21 06:40,10/06/21,"Charge:Cash Wdl at Other
ATM/Inv0605211845633411/21-MAY-2021/",,20.00,,"112,673.84Cr",,,,,,,,,
0,10/06/21 06:40,10/06/21,"CGST on Charge:Cash Wdl at Other
ATM/Inv0605211845633411/21-MAY-2021/",,1.80,,"112,672.04Cr",,,,,,,,,
1,10/06/21 06:40,10/06/21,"SGST on Charge:Cash Wdl at Other
ATM/Inv0605211845633411/21-MAY-2021/",,1.80,,"112,670.24Cr",,,,,,,,,
2,10/06/21 06:46,10/06/21,"Charge:Cash Wdl at Other
ATM/Inv0605211840925531/20-MAY-2021/",,20.00,,"112,650.24Cr",,,,,,,,,
3,10/06/21 06:46,10/06/21,"CGST on Charge:Cash Wdl at Other
ATM/Inv0605211840925531/20-MAY-2021/",,1.80,,"112,648.44Cr",,,,,,,,,
4,10/06/21 06:46,10/06/21,"SGST on Charge:Cash Wdl at Other
ATM/Inv0605211840925531/20-MAY-2021/",,1.80,,"112,646.64Cr",,,,,,,,,
5,10/06/21 18:27,10/06/21,"POS-VISA/UMBRELLA THE SUPER STOZIR
-ZIRA/1161128963",,193.00,,"112,453.64Cr",,,,,,,,,
6,10/06/21 21:28,10/06/21,"UPI/MOB/116121082101/ZomatoOnlineOrde
r",,236.00,,"112,217.64Cr",,,,,,,,,
7,11/06/21 18:03,11/06/21,"POS-VISA/UMBRELLA THE SUPER STOZIR
-ZIRA/1162121326",,135.00,,"112,082.64Cr",,,,,,,,,
8,11/06/21 18:06,11/06/21,"POS-VISA/KRISHAN KUMAR
GARG/116218741349",,470.00,,"111,612.64Cr",,,,,,,,,
9,11/06/21 18:06,11/06/21,"POS-VISA/KRISHAN KUMAR
GARG/116218741451",,470.00,,"111,142.64Cr",,,,,,,,,
10,11/06/21 19:23,11/06/21,UPI/MOB/116219918210/UPI,,1.00,,"111,141.64Cr",,,,,,,,,
11,11/06/21 19:24,11/06/21,UPI/MOB/116219945435/UPI,,"8,000.00",,"103,141.64Cr",,,,,,,,,
12,11/06/21 20:28,11/06/21,"POS-VISA/KRISHAN KUMAR
GARG/116220834329",,400.00,,"102,741.64Cr",,,,,,,,,
13,11/06/21 21:14,11/06/21,UPI/MOB/116221579196/Zomato payment,,614.75,,"102,126.89Cr",,,,,,,,,
14,11/06/21 21:36,11/06/21,UPI/MOB/116221996311/UPI,,399.00,,"101,727.89Cr",,,,,,,,,
15,11/06/21 22:16,11/06/21,UPI/MOB/116249296520/express,,,614.75,"102,342.64Cr",,,,,,,,,
16,12/06/21 01:04,12/06/21,UPI/MOB/116301904016/UberRide,,73.00,,"102,269.64Cr",,,,,,,,,
17,12/06/21 07:07,12/06/21,UPI/MOB/116307016522/UberRide,,139.00,,"102,130.64Cr",,,,,,,,,
18,12/06/21 07:20,12/06/21,UPI/MOB/116307127649/UberRide,,20.00,,"102,110.64Cr",,,,,,,,,
19,12/06/21 13:37,12/06/21,"UPI/MOB/116313623164/You are paying for
an Amazon",,434.00,,"101,676.64Cr",,,,,,,,,
20,12/06/21 19:01,12/06/21,"ATM-NFS/CASH
WITHDRAWAL/INDUSIND/116319023663",,"1,000.00",,"100,676.64Cr",,,,,,,,,
21,13/06/21 10:51,13/06/21,UPI/MOB/116406709667/Upi Transaction,,500.00,,"100,176.64Cr",,,,,,,,,
22,13/06/21 13:59,13/06/21,UPI/MOB/116413990711/UPI,,"1,000.00",,"99,176.64Cr",,,,,,,,,
23,13/06/21 14:00,13/06/21,UPI/MOB/116414013937/UPI,,800.00,,"98,376.64Cr",,,,,,,,,
0,,,,,,,,,,,,,,,,
1,,,"POS-VISA/KRISHAN KUMAR
GARG/116418851780",,,,,,13/06/21,,,480.00,,13/06/21 18:23,,"97,896.64Cr"
2,,,UPI/MOB/116419397232/Zomato payment,,,,,,13/06/21,,,149.00,,13/06/21 19:12,,"97,747.64Cr"
3,,,"POS-VISA/UMBRELLA THE SUPER STOZIR
-ZIRA/1165128965",,,,,,14/06/21,,,860.00,,14/06/21 18:10,,"96,887.64Cr"
4,,,"ATM-NFS/CASH WITHDRAWAL/PEER
MUCH/116518025581",,,,,,14/06/21,,,"2,000.00",,14/06/21 18:14,,"94,887.64Cr"
5,,,UPI/MOB/116590400889/UPI,,,,,,14/06/21,,,,500.00,14/06/21 18:31,,"95,387.64Cr"
6,,,UPI/MOB/116609749246/UPI Transaction,,,,,,15/06/21,,,500.00,,15/06/21 09:39,,"94,887.64Cr"
7,,,UPI/MOB/116619691472/AirtelMoney,,,,,,15/06/21,,,100.00,,15/06/21 19:21,,"94,787.64Cr"
8,,,UPI/MOB/116619093219/UPI,,,,,,15/06/21,,,"1,000.00",,15/06/21 19:36,,"93,787.64Cr"
9,,,UPI/MOB/116620714100/UPI,,,,,,15/06/21,,,900.00,,15/06/21 20:38,,"92,887.64Cr"
10,,,UPI/MOB/116621292177/UPI,,,,,,15/06/21,,,50.00,,15/06/21 21:03,,"92,837.64Cr"
11,,,UPI/MOB/116621683874/UPI,,,,,,15/06/21,,,"3,000.00",,15/06/21 21:21,,"89,837.64Cr"
12,,,"POS-VISA/Google
WorkSpace/116705453801",,,,,,16/06/21,,,"2,711.88",,16/06/21 10:33,,"87,125.76Cr"
13,,,UPI/MOB/116707247950/Upi Transaction,,,,,,16/06/21,,,500.00,,16/06/21 12:13,,"86,625.76Cr"
14,,,POS-VISA/UtilityAtom/116707134859,,,,,,16/06/21,,,"8,287.08",,16/06/21 12:37,,"78,338.68Cr"
15,,,"UPI/MOB/116709803376/UPI Payment-
Ladakh tour",,,,,,16/06/21,,,,100.00,16/06/21 15:52,,"78,438.68Cr"
16,,,"UPI/MOB/116709827971/UPI Payment-
Advance pay n fli",,,,,,16/06/21,,,,"29,900.00",16/06/21 15:54,,"108,338.68Cr"
17,,,"POS-VISA/ATO*RAJESH AND
CO/116716560503",,,,,,16/06/21,,,"1,300.00",,16/06/21 16:58,,"107,038.68Cr"
18,,,UPI/MOB/116717921782/UPI,,,,,,16/06/21,,,355.00,,16/06/21 17:07,,"106,683.68Cr"
19,,,UPI/MOB/116717222702/UPI,,,,,,16/06/21,,,410.00,,16/06/21 17:21,,"106,273.68Cr"
20,,,POS-VISA/MEHFIL/116712686510,,,,,,16/06/21,,,535.00,,16/06/21 17:43,,"105,738.68Cr"
21,,,UPI/MOB/116808447032/UPI,,,,,,17/06/21,,,50.00,,17/06/21 08:25,,"105,688.68Cr"
22,,,UPI/MOB/116808670154/UPI,,,,,,17/06/21,,,50.00,,17/06/21 08:39,,"105,638.68Cr"
23,,,"UPI/MOB/116808691615/Earned for using
Google Pay",,,,,,17/06/21,,,,6.00,17/06/21 08:41,,"105,644.68Cr"
24,,,UPI/MOB/116812473234/Zomato payment,,,,,,17/06/21,,,424.75,,17/06/21 12:54,,"105,219.93Cr"
0,17/06/21 14:59,17/06/21,"POS-VISA/ATO*RAJESH AND
CO/116814679938",,500.00,,"104,719.93Cr",,,,,,,,,
1,17/06/21 15:21,17/06/21,UPI/MOB/116815805460/UPI,,640.00,,"104,079.93Cr",,,,,,,,,
2,17/06/21 19:53,17/06/21,UPI/MOB/116819467760/UPI,,,"6,750.00","110,829.93Cr",,,,,,,,,
3,17/06/21 20:47,17/06/21,"POS-VISA/ATO*RAJESH AND
CO/116820193322",,500.00,,"110,329.93Cr",,,,,,,,,
4,18/06/21 01:04,18/06/21,UPI/MOB/116901950405/UPI,,92.00,,"110,237.93Cr",,,,,,,,,
5,18/06/21 09:34,18/06/21,UPI/MOB/116909987085/UPI Transaction,,"1,000.00",,"109,237.93Cr",,,,,,,,,
6,18/06/21 11:34,18/06/21,UPI/MOB/116911636996/UPI,,"3,440.00",,"105,797.93Cr",,,,,,,,,
7,18/06/21 16:58,18/06/21,"IMPS-MOB/Fund
Trf/116916033565/34116625/15708780395
2/",,,"8,500.00","114,297.93Cr",,,,,,,,,
8,18/06/21 18:43,18/06/21,"POS-VISA/KRISHAN KUMAR
GARG/116918793643",,450.00,,"113,847.93Cr",,,,,,,,,
9,18/06/21 19:20,18/06/21,UPI/MOB/116919115603/UPI,,"2,396.46",,"111,451.47Cr",,,,,,,,,
10,18/06/21 19:39,18/06/21,"REF/Credit Adjustment/116619691472/15-
06-2021",,,100.00,"111,551.47Cr",,,,,,,,,
11,18/06/21 20:38,18/06/21,UPI/MOB/116920989705/Zomato payment,,221.00,,"111,330.47Cr",,,,,,,,,
12,19/06/21 11:02,19/06/21,UPI/MOB/117008671775/Upi Transaction,,500.00,,"110,830.47Cr",,,,,,,,,
13,20/06/21 08:15,20/06/21,UPI/MOB/117108184686/UPI Transaction,,500.00,,"110,330.47Cr",,,,,,,,,
14,20/06/21 08:51,20/06/21,UPI/MOB/117108672831/UPI,,"4,190.00",,"106,140.47Cr",,,,,,,,,
15,20/06/21 09:43,20/06/21,"POS-VISA/UMBRELLA THE SUPER STOZIR
-ZIRA/1171043131",,324.00,,"105,816.47Cr",,,,,,,,,
16,20/06/21 09:47,20/06/21,"ATM-NFS/CASH
WITHDRAWAL/INDUSIND/117109015409",,"2,000.00",,"103,816.47Cr",,,,,,,,,
17,20/06/21 10:10,20/06/21,"POS-VISA/HPCL ADHOC TRUCK SUPP
PANCHKUL/1171049735",,496.25,,"103,320.22Cr",,,,,,,,,
18,20/06/21 10:12,20/06/21,UPI/MOB/117110061397/AirtelMoney,,100.00,,"103,220.22Cr",,,,,,,,,
19,20/06/21 20:53,20/06/21,"UPI/MOB/117120264888/BhartiAirtelServic
esLimited",,710.00,,"102,510.22Cr",,,,,,,,,
20,21/06/21 08:59,21/06/21,UPI/MOB/117208016579/UPI,,912.18,,"101,598.04Cr",,,,,,,,,
21,21/06/21 09:06,21/06/21,UPI/MOB/117255745117/Upi Transaction,,500.00,,"101,098.04Cr",,,,,,,,,
22,21/06/21 13:06,21/06/21,"POS-VISA/PETRO INDIA FILLING
STPANCHAKU/1172076266",,500.00,,"100,598.04Cr",,,,,,,,,
23,21/06/21 13:53,21/06/21,UPI/MOB/117213583871/UPI,,500.00,,"100,098.04Cr",,,,,,,,,
0,21/06/21 17:35,21/06/21,"UPI/MOB/117217466109/TheTouringInvoice
invHPhdWTe4h",,10.00,,"100,088.04Cr",,,,,,,,,
1,21/06/21 18:40,21/06/21,"POS-VISA/UMBRELLA THE SUPER STOZIR
-ZIRA/1172137742",,729.00,,"99,359.04Cr",,,,,,,,,
2,21/06/21 18:44,21/06/21,"POS-VISA/KRISHAN KUMAR
GARG/117218614192",,450.00,,"98,909.04Cr",,,,,,,,,
3,22/06/21 08:47,22/06/21,UPI/MOB/117308393073/UPI Transaction,,500.00,,"98,409.04Cr",,,,,,,,,
4,22/06/21 11:47,22/06/21,"IMPS-RIB/Fund Trf/117311752507/lav
gupta/157087803952INDB/",,"14,000.00",,"84,409.04Cr",,,,,,,,,
5,22/06/21 15:45,22/06/21,UPI/MOB/117315084608/AirtelMoney,,200.00,,"84,209.04Cr",,,,,,,,,
6,22/06/21 16:25,22/06/21,"POS-VISA/UMBRELLA THE SUPER STOZIR
-ZIRA/1173109971",,392.00,,"83,817.04Cr",,,,,,,,,
7,22/06/21 16:29,22/06/21,"POS-VISA/KRISHAN KUMAR
GARG/117316126245",,450.00,,"83,367.04Cr",,,,,,,,,
8,22/06/21 17:14,22/06/21,"POS-VISA/CHANDEL FILLING
STATIOPARWANOO/1173114994",,500.00,,"82,867.04Cr",,,,,,,,,
9,22/06/21 19:13,22/06/21,UPI/MOB/117319079377/UPI,,360.00,,"82,507.04Cr",,,,,,,,,
10,22/06/21 22:57,22/06/21,UPI/MOB/117322822213/UPI,,340.00,,"82,167.04Cr",,,,,,,,,
11,23/06/21 00:04,23/06/21,UPI/MOB/117460365053/UPI,,,"3,360.00","85,527.04Cr",,,,,,,,,
12,23/06/21 08:06,23/06/21,UPI/MOB/117408527453/UPI,,50.00,,"85,477.04Cr",,,,,,,,,
13,23/06/21 09:00,23/06/21,UPI/MOB/117409493570/UPI,,500.00,,"84,977.04Cr",,,,,,,,,
14,23/06/21 09:33,23/06/21,UPI/MOB/117409183055/UPI,,90.00,,"84,887.04Cr",,,,,,,,,
15,23/06/21 15:03,23/06/21,UPI/MOB/117415469580/UPI,,"1,000.00",,"83,887.04Cr",,,,,,,,,
16,23/06/21 15:18,23/06/21,POS-VISA/MEHFIL/117409084534,,634.00,,"83,253.04Cr",,,,,,,,,
17,23/06/21 16:01,23/06/21,"REF/POS-VISA/PETRO INDIA
FIL/359092/210621",,,3.75,"83,256.79Cr",,,,,,,,,
18,23/06/21 17:58,23/06/21,UPI/MOB/117417629880/UPI Transaction,,382.24,,"82,874.55Cr",,,,,,,,,
19,23/06/21 19:43,23/06/21,UPI/MOB/117419599260/UPI,,200.00,,"82,674.55Cr",,,,,,,,,
20,23/06/21 20:11,23/06/21,UPI/MOB/117420427713/UPI,,550.00,,"82,124.55Cr",,,,,,,,,
21,24/06/21 09:44,24/06/21,UPI/MOB/117509643278/UPI Transaction,,500.00,,"81,624.55Cr",,,,,,,,,
22,24/06/21 11:33,24/06/21,UPI/MOB/117511325652/UPI,,"3,000.00",,"78,624.55Cr",,,,,,,,,
23,24/06/21 16:09,24/06/21,UPI/MOB/117510103908/Upi Transaction,,500.00,,"78,124.55Cr",,,,,,,,,
24,25/06/21 10:01,25/06/21,UPI/MOB/117610771633/UPI,,500.00,,"77,624.55Cr",,,,,,,,,
0,25/06/21 12:15,25/06/21,UPI/MOB/117612996469/UPI,,"1,700.00",,"75,924.55Cr",,,,,,,,,
1,25/06/21 16:39,25/06/21,"REF/POS-VISA/CHANDEL
FILLING/566896/220621",,,3.75,"75,928.30Cr",,,,,,,,,
2,25/06/21 17:30,25/06/21,UPI/MOB/117617254983/UPI,,"1,814.00",,"74,114.30Cr",,,,,,,,,
3,25/06/21 18:47,25/06/21,"POS-VISA/VEER SHYAM SINGH
FILLIPANCHAKU/1176136478",,500.00,,"73,614.30Cr",,,,,,,,,
4,25/06/21 19:46,25/06/21,"POS-VISA/PARADISE
LIQUORS/117614908185",,750.00,,"72,864.30Cr",,,,,,,,,
5,26/06/21 01:26,26/06/21,UPI/MOB/117701489660/UberRide,,109.00,,"72,755.30Cr",,,,,,,,,
6,26/06/21 02:27,26/06/21,UPI/MOB/117702667235/UPI,,85.00,,"72,670.30Cr",,,,,,,,,
7,26/06/21 10:15,26/06/21,"POS-VISA/A AND K
ENTERPRISES/117704039868",,"2,290.00",,"70,380.30Cr",,,,,,,,,
8,26/06/21 11:14,26/06/21,UPI/MOB/117711734336/AirtelMoney,,150.00,,"70,230.30Cr",,,,,,,,,
9,26/06/21 11:20,26/06/21,"POS-VISA/CHANDEL FILLING
STATIOPARWANOO/1177114591",,500.00,,"69,730.30Cr",,,,,,,,,
10,26/06/21 16:13,26/06/21,UPI/MOB/117716003671/UPI,,800.00,,"68,930.30Cr",,,,,,,,,
11,26/06/21 17:03,26/06/21,POS-VISA/MODERN DHABA/117711309391,,137.00,,"68,793.30Cr",,,,,,,,,
12,27/06/21 09:08,27/06/21,UPI/MOB/117809690880/UPI Transaction,,500.00,,"68,293.30Cr",,,,,,,,,
13,27/06/21 13:26,27/06/21,"UPI/MOB/117813867870/ZomatoOnlineOrd
er",,299.00,,"67,994.30Cr",,,,,,,,,
14,27/06/21 13:37,27/06/21,UPI/MOB/117813087958/UPI,,500.00,,"67,494.30Cr",,,,,,,,,
15,27/06/21 13:48,27/06/21,"UPI/MOB/117823552853/collect-pay-
request",,"10,000.00",,"57,494.30Cr",,,,,,,,,
16,27/06/21 13:58,27/06/21,"UPI/MOB/117823648147/collect-pay-
request",,"10,380.00",,"47,114.30Cr",,,,,,,,,
17,27/06/21 18:28,27/06/21,UPI/MOB/117818242057/UPI,,500.00,,"46,614.30Cr",,,,,,,,,
18,27/06/21 18:28,27/06/21,"UPI/MOB/117818250842/Earned for using
Google Pay",,,4.0,"46,618.30Cr",,,,,,,,,
19,27/06/21 18:29,27/06/21,"UPI/MOB/117818256383/Earned for using
Google Pay",,,4.0,"46,622.30Cr",,,,,,,,,
20,27/06/21 18:58,27/06/21,UPI/MOB/117818892438/UPI,,220.00,,"46,402.30Cr",,,,,,,,,
21,28/06/21 09:13,28/06/21,UPI/MOB/117911182601/Upi Transaction,,500.00,,"45,902.30Cr",,,,,,,,,
22,28/06/21 14:29,28/06/21,UPI/MOB/117914929437/UPI,,500.00,,"45,402.30Cr",,,,,,,,,
23,28/06/21 17:38,28/06/21,"REF/POS-VISA/CHANDEL
FILLING/151267/260621",,,3.75,"45,406.05Cr",,,,,,,,,
0,,,sLimitedOR,,,,,,,,,,,,,
1,,,"POS-VISA/LIQVORS WINE AND BEER
PANCHKUL/1016113385",,,,,,16/01/21,,,700.00,,16/01/21 17:21,,"53,463.59Cr"
2,,,UPI/MOB/101619549015/UberRide,,,,,,16/01/21,,,26.00,,16/01/21 19:54,,"53,437.59Cr"
3,,,"REF/POS-VISA/JAI HIND
FILLIN/982409/140121",,,,,,16/01/21,,,,3.75,16/01/21 20:13,,"53,441.34Cr"
4,,,UPI/MOB/101620285679/charge,,,,,,16/01/21,,,61.00,,16/01/21 20:22,,"53,380.34Cr"
5,,,"POS-VISA/THE BREW
ESTATE/101718732405",,,,,,16/01/21,,,"4,277.00",,16/01/21 00:07,,"49,103.34Cr"
6,,,UPI/MOB/101717320143/UPI,,,,,,17/01/21,,,"7,500.00",,17/01/21 17:08,,"41,603.34Cr"
7,,,UPI/MOB/101810094448/Upi Transaction,,,,,,18/01/21,,,"1,000.00",,18/01/21 10:21,,"40,603.34Cr"
8,,,UPI/MOB/101814982932/PSPCL,,,,,,18/01/21,,,"25,000.00",,18/01/21 14:30,,"15,603.34Cr"
9,,,"ATM-NFS/CASH
WITHDRAWAL/INDUSIND/101818010755",,,,,,18/01/21,,,500.00,,18/01/21 18:33,,"15,103.34Cr"
10,,,"UPI/MOB/101917624570/UPI Transaction
for 74969256",,,,,,19/01/21,,,"1,582.00",,19/01/21 17:42,,"13,521.34Cr"
11,,,"UPI/MOB/101922030567/ZomatoOnlineOr
der",,,,,,19/01/21,,,269.00,,19/01/21 22:39,,"13,252.34Cr"
12,,,UPI/MOB/102012612097/Upi Transaction,,,,,,20/01/21,,,"1,000.00",,20/01/21 12:20,,"12,252.34Cr"
13,,,"POS-VISA/AUTOPACE NETWORK PVT
LCHANDIGA/1021110390",,,,,,21/01/21,,,"3,756.00",,21/01/21 16:59,,"8,496.34Cr"
14,,,UPI/MOB/102213181525/Seatseller Booking,,,,,,22/01/21,,,"1,000.00",,22/01/21 13:12,,"7,496.34Cr"
15,,,"UPI/MOB/102213516845/Seatseller
Booking",,,,,,22/01/21,,,40.00,,22/01/21 13:25,,"7,456.34Cr"
16,,,"POS-VISA/KRISHAN KUMAR
GARG/102217593255",,,,,,22/01/21,,,700.00,,22/01/21 17:08,,"6,756.34Cr"
17,,,UPI/MOB/102310439630/UPI,,,,,,23/01/21,,,,"1,100.00",23/01/21 10:39,,"7,856.34Cr"
18,,,"IMPS-MOB/Fund
Trf/102314127769/34116625/15708780395
2/",,,,,,23/01/21,,,,"25,000.00",23/01/21 14:34,,"32,856.34Cr"
19,,,UPI/MOB/102317276454/UPI,,,,,,23/01/21,,,"2,157.00",,23/01/21 17:17,,"30,699.34Cr"
20,,,"ATM-NFS/CASH
WITHDRAWAL/INDUSIND/102317027740",,,,,,23/01/21,,,"9,000.00",,23/01/21 17:47,,"21,699.34Cr"
21,,,UPI/MOB/102403497973/UPI,,,,,,24/01/21,,,350.00,,24/01/21 03:48,,"21,349.34Cr"
22,,,"POS-VISA/SHOWRAM HOTELS
PRIVATEZIRAKHPU/1024060559",,,,,,24/01/21,,,386.00,,24/01/21 12:06,,"20,963.34Cr"
23,,,UPI/MOB/102512789319/Upi Transaction,,,,,,25/01/21,,,"1,000.00",,25/01/21 12:20,,"19,963.34Cr"
0,28/06/21 18:43,28/06/21,"REF/POS-VISA/VEER SHYAM
SING/749090/250621",,,3.75,"45,409.80Cr",,,,,,,,,
1,28/06/21 19:04,28/06/21,"ATM-NFS/CASH WITHDRAWAL/PEER
MUCH/117919010562",,"2,000.00",,"43,409.80Cr",,,,,,,,,
2,28/06/21 19:10,28/06/21,"POS-VISA/KRISHAN KUMAR
GARG/117919075241",,450.00,,"42,959.80Cr",,,,,,,,,
3,28/06/21 19:47,28/06/21,"UPI/MOB/117937676489/UPI Payment-Trip
payment",,,"30,000.00","72,959.80Cr",,,,,,,,,
4,28/06/21 20:44,28/06/21,"REF/Credit Adjustment/117813867870/27-
06-2021",,,299.00,"73,258.80Cr",,,,,,,,,
5,29/06/21 09:04,29/06/21,UPI/MOB/118009809952/UPI,,"1,000.00",,"72,258.80Cr",,,,,,,,,
6,29/06/21 17:27,29/06/21,UPI/MOB/118017103639/AirtelMoney,,85.00,,"72,173.80Cr",,,,,,,,,
7,29/06/21 17:27,29/06/21,"POS-VISA/HPCL PETRO INDIA FILLIPAN-
PANC/1180110925",,500.00,,"71,673.80Cr",,,,,,,,,
8,29/06/21 18:47,29/06/21,UPI/MOB/118018973927/UPI,,50.00,,"71,623.80Cr",,,,,,,,,
9,30/06/21 12:08,30/06/21,"IMPS-MOB/Fund
Trf/118112479880/34116625/157087803952
/",,,"4,000.00","75,623.80Cr",,,,,,,,,
10,30/06/21 12:39,30/06/21,UPI/MOB/118112957544/UPI,,"4,200.00",,"71,423.80Cr",,,,,,,,,
11,30/06/21 12:49,30/06/21,UPI/MOB/118133179026/UPI,,,"1,250.00","72,673.80Cr",,,,,,,,,
12,30/06/21 13:08,30/06/21,"POS-VISA/RAMESH
SERVICE/118107896671",,500.00,,"72,173.80Cr",,,,,,,,,
13,30/06/21 13:43,30/06/21,UPI/MOB/118113576748/UPI,,90.00,,"72,083.80Cr",,,,,,,,,
14,30/06/21 03:49,30/06/21,QUARTERLY SAVINGS INTEREST CREDIT,,,"2,643.00","74,726.80Cr",,,,,,,,,
15,01/07/21 08:55,01/07/21,UPI/MOB/118263986351/Upi Transaction,,"1,000.00",,"73,726.80Cr",,,,,,,,,
16,01/07/21 11:36,01/07/21,UPI/MOB/118243995595/UPI,,,"4,500.00","78,226.80Cr",,,,,,,,,
17,01/07/21 12:06,01/07/21,UPI/MOB/118212455122/UPI,,"12,600.00",,"65,626.80Cr",,,,,,,,,
18,01/07/21 18:05,30/06/21,"Temporary
Credit/UPI/118112957544/30062021",,,"4,200.00","69,826.80Cr",,,,,,,,,
19,01/07/21 20:32,01/07/21,UPI/MOB/118220462735/UPI,,40.00,,"69,786.80Cr",,,,,,,,,
20,01/07/21 22:41,01/07/21,"REF/POS-VISA/HPCL 0.75%
CASH/665536/290621",,,3.75,"69,790.55Cr",,,,,,,,,
21,02/07/21 08:09,02/07/21,UPI/MOB/118308817489/UPI Transaction,,"1,000.00",,"68,790.55Cr",,,,,,,,,
22,02/07/21 16:08,02/07/21,"ATM-NFS/CASH
WITHDRAWAL/INDUSIND/118316018059",,"3,000.00",,"65,790.55Cr",,,,,,,,,
23,02/07/21 16:16,02/07/21,"POS-VISA/HPCL PETRO INDIA FILLIPAN-
PANC/1183109797",,"2,999.94",,"62,790.61Cr",,,,,,,,,
0,02/07/21 17:07,02/07/21,"REF/POS-VISA/RAMESH SERVICE
/794822/300621",,,3.75,"62,794.36Cr",,,,,,,,,
1,03/07/21 00:38,03/07/21,UPI/MOB/118400950716/AirtelMoney,,70.00,,"62,724.36Cr",,,,,,,,,
2,03/07/21 08:19,03/07/21,UPI/MOB/118408046576/UPI,,"20,000.00",,"42,724.36Cr",,,,,,,,,
3,03/07/21 20:09,03/07/21,UPI/MOB/118420578249/UPI,,"1,000.00",,"41,724.36Cr",,,,,,,,,
4,04/07/21 10:57,04/07/21,UPI/MOB/118510927063/UPI,,"5,400.00",,"36,324.36Cr",,,,,,,,,
5,04/07/21 13:02,04/07/21,UPI/MOB/118513079814/UPI,,,"1,000.00","37,324.36Cr",,,,,,,,,
6,04/07/21 21:29,04/07/21,UPI/MOB/118521014727/UPI,,,"1,000.00","38,324.36Cr",,,,,,,,,
7,05/07/21 09:26,05/07/21,UPI/MOB/118609211652/UPI Transaction,,"1,000.00",,"37,324.36Cr",,,,,,,,,
8,05/07/21 18:37,05/07/21,UPI/MOB/118618905253/UPI,,,"3,000.00","40,324.36Cr",,,,,,,,,
9,05/07/21 18:39,05/07/21,"REF/POS-VISA/HPCL 0.75%
CASH/230514/020721",,,22.50,"40,346.86Cr",,,,,,,,,
10,05/07/21 18:59,05/07/21,"POS-VISA/KRISHAN KUMAR
GARG/118618673854",,450.00,,"39,896.86Cr",,,,,,,,,
11,05/07/21 22:28,05/07/21,POS-VISA/GOOGLE *happn/118667945790,,599.00,,"39,297.86Cr",,,,,,,,,
12,06/07/21 09:18,06/07/21,UPI/MOB/118709293241/UPI Transaction,,"1,000.00",,"38,297.86Cr",,,,,,,,,
13,06/07/21 16:54,06/07/21,"UPI/MOB/118704898132/Leh Trip 14th July
2021",,,"5,000.00","43,297.86Cr",,,,,,,,,
14,07/07/21 12:24,07/07/21,UPI/MOB/118812285406/UPI,,"1,000.00",,"42,297.86Cr",,,,,,,,,
15,07/07/21 17:16,07/07/21,UPI/MOB/118816448715/UPI,,,"4,000.00","46,297.86Cr",,,,,,,,,
16,07/07/21 17:25,07/07/21,UPI/MOB/118817847340/AirtelMoney,,85.00,,"46,212.86Cr",,,,,,,,,
17,07/07/21 17:53,07/07/21,"POS-VISA/HPCL ADHOC TRUCK SUPP
PANCHKUL/1188126104",,992.50,,"45,220.36Cr",,,,,,,,,
18,07/07/21 19:57,07/07/21,"POS-VISA/ATO*RAJESH AND
CO/118819853589",,650.00,,"44,570.36Cr",,,,,,,,,
19,07/07/21 20:03,07/07/21,UPI/MOB/118820217461/UPI,,310.00,,"44,260.36Cr",,,,,,,,,
20,08/07/21 10:38,08/07/21,UPI/MOB/118910011492/UPI,,"1,000.00",,"43,260.36Cr",,,,,,,,,
21,08/07/21 12:14,08/07/21,UPI/MOB/118912582652/UPI,,"2,700.00",,"40,560.36Cr",,,,,,,,,
22,08/07/21 12:23,08/07/21,UPI/MOB/118924432197/UPI,,,"23,640.00","64,200.36Cr",,,,,,,,,
23,08/07/21 18:18,08/07/21,"UPI/MOB/118928624810/Payment Request
from MakeMyTr",,"1,626.00",,"62,574.36Cr",,,,,,,,,
24,08/07/21 18:38,08/07/21,UPI/MOB/118928916411/neha leh trip,,,"3,600.00","66,174.36Cr",,,,,,,,,
25,08/07/21 18:48,08/07/21,"POS-VISA/KRISHAN KUMAR
GARG/118918677946",,700.00,,"65,474.36Cr",,,,,,,,,
0,,,,,,,,,,,,,,,,
1,,,UPI/MOB/118919281324/UPI,,,,,,08/07/21,,,88.00,,08/07/21 19:52,,"65,386.36Cr"
2,,,UPI/MOB/119007816726/UPI,,,,,,09/07/21,,,"6,000.00",,09/07/21 07:28,,"59,386.36Cr"
3,,,"POS-VISA/A AND K
ENTERPRISES/119002007841",,,,,,09/07/21,,,"2,759.00",,09/07/21 07:57,,"56,627.36Cr"
4,,,UPI/MOB/119008891745/UPI Transaction,,,,,,09/07/21,,,"1,000.00",,09/07/21 08:44,,"55,627.36Cr"
5,,,UPI/MOB/119009799554/UPI,,,,,,09/07/21,,,249.00,,09/07/21 09:31,,"55,378.36Cr"
6,,,UPI/MOB/119034201394/UPI,,,,,,09/07/21,,,,"7,000.00",09/07/21 10:22,,"62,378.36Cr"
7,,,"Temporary
Credit/UPI/119007816726/08072021",,,,,,08/07/21,,,,"6,000.00",09/07/21 17:10,,"68,378.36Cr"
8,,,UPI/MOB/119018322242/UPI,,,,,,09/07/21,,,"1,000.00",,09/07/21 18:31,,"67,378.36Cr"
9,,,UPI/MOB/119111906940/UPI,,,,,,10/07/21,,,"1,000.00",,10/07/21 11:26,,"66,378.36Cr"
10,,,UPI/MOB/119114020705/UPI,,,,,,10/07/21,,,150.00,,10/07/21 14:20,,"66,228.36Cr"
11,,,UPI/MOB/119114593090/UPI,,,,,,10/07/21,,,,150.00,10/07/21 14:44,,"66,378.36Cr"
12,,,"POS-VISA/KRISHAN KUMAR
GARG/119117028971",,,,,,10/07/21,,,700.00,,10/07/21 17:09,,"65,678.36Cr"
13,,,UPI/MOB/119117377288/AirtelMoney,,,,,,10/07/21,,,85.00,,10/07/21 17:47,,"65,593.36Cr"
14,,,"POS-VISA/CHANDEL FILLING STATIOSOL-
SOLA/1191127072",,,,,,10/07/21,,,500.00,,10/07/21 17:51,,"65,093.36Cr"
15,,,UPI/MOB/119119688440/UPI,,,,,,10/07/21,,,140.00,,10/07/21 19:14,,"64,953.36Cr"
16,,,UPI/MOB/119120210899/UPI,,,,,,10/07/21,,,"4,000.00",,10/07/21 20:09,,"60,953.36Cr"
17,,,UPI/MOB/119208156650/UPI,,,,,,11/07/21,,,,"6,000.00",11/07/21 08:36,,"66,953.36Cr"
18,,,UPI/MOB/119211721170/UPI,,,,,,11/07/21,,,"1,000.00",,11/07/21 11:58,,"65,953.36Cr"
19,,,POS-VISA/GOOGLE *Tinder/119235445049,,,,,,11/07/21,,,890.00,,11/07/21 12:53,,"65,063.36Cr"
20,,,POS-VISA/GOOGLE *Tinder/119264475597,,,,,,11/07/21,,,409.92,,11/07/21 13:00,,"64,653.44Cr"
21,,,"POS-VISA/UMBRELLA THE SUPER STOZIR
-ZIRA/1192089719",,,,,,11/07/21,,,"3,173.00",,11/07/21 13:51,,"61,480.44Cr"
22,,,UPI/MOB/119262915437/UPI,,,,,,11/07/21,,,,"13,000.00",11/07/21 18:57,,"74,480.44Cr"
23,,,UPI/MOB/119309454698/UPI Transaction,,,,,,12/07/21,,,"1,000.00",,12/07/21 09:03,,"73,480.44Cr"
24,,,UPI/MOB/119312650289/UPI,,,,,,12/07/21,,,300.00,,12/07/21 12:18,,"73,180.44Cr"
25,,,"IMPS-RIB/Fund Trf/119317926773/Aarif
Hussain Radhu/002901519209ICIC/",,,,,,12/07/21,,,"4,000.00",,12/07/21 17:58,,"69,180.44Cr"
0,12/07/21 18:59,12/07/21,"POS-VISA/TRUCK SUPPLIERS
CORPORPAN-PANC/1193134156",,992.50,,"68,187.94Cr",,,,,,,,,
1,12/07/21 19:35,12/07/21,UPI/MOB/119319619168/AirtelMoney,,80.00,,"68,107.94Cr",,,,,,,,,
2,12/07/21 19:36,12/07/21,UPI/MOB/119319640910/UPI,,150.00,,"67,957.94Cr",,,,,,,,,
3,12/07/21 22:17,12/07/21,"REF/POS-VISA/IOCL 0.75%
CASH/793613/100721",,,3.75,"67,961.69Cr",,,,,,,,,
4,12/07/21 23:00,12/07/21,UPI/MOB/119323539569/UPI,,497.00,,"67,464.69Cr",,,,,,,,,
5,12/07/21 23:04,12/07/21,UPI/MOB/119323590708/UPI,,120.00,,"67,344.69Cr",,,,,,,,,
6,13/07/21 08:18,13/07/21,UPI/MOB/119408868155/UPI,,50.00,,"67,294.69Cr",,,,,,,,,
7,13/07/21 08:33,13/07/21,UPI/MOB/119408481712/UPI,,,"5,000.00","72,294.69Cr",,,,,,,,,
8,13/07/21 10:16,13/07/21,UPI/MOB/119410264804/UPI,,"1,000.00",,"71,294.69Cr",,,,,,,,,
9,13/07/21 10:53,13/07/21,"IMPS-RIB/Fund Trf/119410985766/Mr
PHUNCHOK
TSERING/30486475490SBIN/",,"5,000.00",,"66,294.69Cr",,,,,,,,,
10,13/07/21 10:55,13/07/21,"IMPS-RIB/Fund Trf/119410986051/Aarif
Hussain Radhu/002901519209ICIC/",,"15,000.00",,"51,294.69Cr",,,,,,,,,
11,13/07/21 12:18,13/07/21,UPI/MOB/119412855358/UPI,,900.00,,"50,394.69Cr",,,,,,,,,
12,13/07/21 13:05,13/07/21,UPI/MOB/119413803161/UPI,,10.00,,"50,384.69Cr",,,,,,,,,
13,13/07/21 13:07,13/07/21,UPI/MOB/119413844019/UPI,,10.00,,"50,374.69Cr",,,,,,,,,
14,13/07/21 18:12,13/07/21,"POS-VISA/GOOGLE
*Tinder/119465954809",,850.00,,"49,524.69Cr",,,,,,,,,
15,13/07/21 19:12,13/07/21,UPI/MOB/119419857249/UPI,,150.00,,"49,374.69Cr",,,,,,,,,
16,13/07/21 19:14,13/07/21,"POS-VISA/KRISHAN KUMAR
GARG/119419247246",,820.00,,"48,554.69Cr",,,,,,,,,
17,13/07/21 19:49,13/07/21,UPI/MOB/119485106585/UPI,,,"6,500.00","55,054.69Cr",,,,,,,,,
18,14/07/21 10:35,14/07/21,UPI/MOB/119510194583/UPI Transaction,,"1,000.00",,"54,054.69Cr",,,,,,,,,
19,14/07/21 18:01,14/07/21,"Charge:Cash Wdl at Other
ATM/Inv0606211277584611/28-JUN-2021/",,20.00,,"54,034.69Cr",,,,,,,,,
20,14/07/21 18:01,14/07/21,"CGST on Charge:Cash Wdl at Other
ATM/Inv0606211277584611/28-JUN-2021/",,1.80,,"54,032.89Cr",,,,,,,,,
21,14/07/21 18:01,14/07/21,"SGST on Charge:Cash Wdl at Other
ATM/Inv0606211277584611/28-JUN-2021/",,1.80,,"54,031.09Cr",,,,,,,,,
22,14/07/21 18:11,14/07/21,"IMPS-RIB/Fund Trf/119518198956/Mr
PHUNCHOK
TSERING/30486475490SBIN/",,"14,000.00",,"40,031.09Cr",,,,,,,,,
23,14/07/21 19:11,14/07/21,UPI/MOB/119519353165/UPI,,120.00,,"39,911.09Cr",,,,,,,,,
24,14/07/21 21:13,14/07/21,UPI/MOB/119521899499/Zomato payment,,223.00,,"39,688.09Cr",,,,,,,,,
0,15/07/21 09:24,15/07/21,UPI/MOB/119699955793/Upi Transaction,,"1,000.00",,"38,688.09Cr",,,,,,,,,
1,15/07/21 12:29,15/07/21,UPI/MOB/119612431504/UPI,,10.00,,"38,678.09Cr",,,,,,,,,
2,15/07/21 12:41,15/07/21,"IMPS-RIB/Fund Trf/119612273320/Stanzin
Tsultim/50100290061689HDFC/",,"5,000.00",,"33,678.09Cr",,,,,,,,,
3,15/07/21 19:06,15/07/21,"ATM-NFS/CASH WITHDRAWAL/PEER
MUCH/119619029094",,"2,000.00",,"31,678.09Cr",,,,,,,,,
4,15/07/21 21:36,15/07/21,UPI/MOB/119621351151/UPI,,"2,000.00",,"29,678.09Cr",,,,,,,,,
5,15/07/21 21:37,15/07/21,"IMPS-MOB/Fund
Trf/119621277747/34116625/157087803952
/",,,"24,000.00","53,678.09Cr",,,,,,,,,
6,16/07/21 11:18,16/07/21,UPI/MOB/119711075326/UPI,,"1,000.00",,"52,678.09Cr",,,,,,,,,
7,16/07/21 12:20,16/07/21,"IMPS-RIB/Fund Trf/119712400359/Stanzin
Tsultim/50100290061689HDFC/",,"3,200.00",,"49,478.09Cr",,,,,,,,,
8,16/07/21 12:29,16/07/21,UPI/MOB/119712889004/UPI,,"5,000.00",,"44,478.09Cr",,,,,,,,,
9,16/07/21 16:12,16/07/21,"REF/POS-VISA/GOOGLE *Tinder
/016241/140721",,,890.00,"45,368.09Cr",,,,,,,,,
10,16/07/21 16:50,16/07/21,"UPI/MOB/119749563294/collect-pay-
request",,"20,000.00",,"25,368.09Cr",,,,,,,,,
11,16/07/21 16:52,16/07/21,"UPI/MOB/119749585948/collect-pay-
request",,"19,610.00",,"5,758.09Cr",,,,,,,,,
12,16/07/21 17:00,16/07/21,"IMPS-MOB/Fund
Trf/119717489633/34116625/15708780395
2/",,,"77,347.00","83,105.09Cr",,,,,,,,,
13,16/07/21 17:03,16/07/21,"UPI/MOB/119749706353/collect-pay-
request",,"20,000.00",,"63,105.09Cr",,,,,,,,,
14,16/07/21 17:05,16/07/21,"UPI/MOB/119749735454/collect-pay-
request",,"16,994.00",,"46,111.09Cr",,,,,,,,,
15,16/07/21 18:22,16/07/21,UPI/MOB/119718191979/AirtelMoney,,85.00,,"46,026.09Cr",,,,,,,,,
16,16/07/21 18:24,16/07/21,UPI/MOB/119718242678/UPI,,820.00,,"45,206.09Cr",,,,,,,,,
17,16/07/21 18:28,16/07/21,"POS-VISA/KRISHAN KUMAR
GARG/119718283031",,700.00,,"44,506.09Cr",,,,,,,,,
18,16/07/21 18:59,16/07/21,"POS-VISA/TRUCK SUPPLIERS CORPORPIN
-PINJ/1197136351",,992.50,,"43,513.59Cr",,,,,,,,,
19,16/07/21 19:24,16/07/21,UPI/MOB/119719923324/UPI,,150.00,,"43,363.59Cr",,,,,,,,,
20,16/07/21 20:09,16/07/21,UPI/MOB/119720236151/UPI,,210.00,,"43,153.59Cr",,,,,,,,,
21,17/07/21 11:48,17/07/21,UPI/MOB/119811506529/UPI,,930.00,,"42,223.59Cr",,,,,,,,,
22,17/07/21 11:50,17/07/21,UPI/MOB/119811560878/UPI,,"1,000.00",,"41,223.59Cr",,,,,,,,,
0,17/07/21 17:38,17/07/21,"UPI/MOB/119817268388/LadakhAug14thpa
ckage",,,"4,500.00","45,723.59Cr",,,,,,,,,
1,17/07/21 19:13,17/07/21,"POS-VISA/KRISHAN KUMAR
GARG/119819116097",,700.00,,"45,023.59Cr",,,,,,,,,
2,18/07/21 11:16,18/07/21,UPI/MOB/119911714014/UPI,,"1,000.00",,"44,023.59Cr",,,,,,,,,
3,18/07/21 13:35,18/07/21,"ATM-NFS/CASH
WITHDRAWAL/INDUSIND/119913017160",,"1,000.00",,"43,023.59Cr",,,,,,,,,
4,19/07/21 09:10,19/07/21,UPI/MOB/120043502676/Upi Transaction,,"1,000.00",,"42,023.59Cr",,,,,,,,,
5,19/07/21 12:05,19/07/21,"IMPS-RIB/Fund Trf/120012720218/Mr
PHUNCHOK
TSERING/30486475490SBIN/",,"11,000.00",,"31,023.59Cr",,,,,,,,,
6,19/07/21 12:42,19/07/21,"IMPS-MOB/Fund
Trf/120012581812/PaytmOE/19742050000
003/",,,1.00,"31,024.59Cr",,,,,,,,,
7,19/07/21 18:23,19/07/21,UPI/MOB/120018552607/AirtelMoney,,85.00,,"30,939.59Cr",,,,,,,,,
8,19/07/21 18:33,19/07/21,"POS-VISA/KRISHAN KUMAR
GARG/120018533708",,700.00,,"30,239.59Cr",,,,,,,,,
9,19/07/21 19:18,19/07/21,"POS-VISA/CHANDEL FILLING STATIOSOL-
SOLA/1200136540",,500.00,,"29,739.59Cr",,,,,,,,,
10,19/07/21 19:58,19/07/21,UPI/MOB/120019230746/leh ladakh,,,"4,500.00","34,239.59Cr",,,,,,,,,
11,19/07/21 22:37,19/07/21,UPI/MOB/120022854122/UPI,,712.00,,"33,527.59Cr",,,,,,,,,
12,19/07/21 22:41,19/07/21,UPI/MOB/120022899090/UPI,,180.00,,"33,347.59Cr",,,,,,,,,
13,19/07/21 22:53,19/07/21,UPI/MOB/120022051904/UPI,,40.00,,"33,307.59Cr",,,,,,,,,
14,20/07/21 10:44,20/07/21,UPI/MOB/120110828655/UPI,,"1,000.00",,"32,307.59Cr",,,,,,,,,
15,20/07/21 11:44,20/07/21,UPI/MOB/120111385194/UPI,,"1,000.00",,"31,307.59Cr",,,,,,,,,
16,20/07/21 13:29,20/07/21,"POS-VISA/PAYU-
www.wix.com/120107945621",,"1,110.00",,"30,197.59Cr",,,,,,,,,
17,20/07/21 18:57,20/07/21,UPI/MOB/120118334226/UPI,,220.00,,"29,977.59Cr",,,,,,,,,
18,20/07/21 19:00,20/07/21,UPI/MOB/120119414912/UPI,,20.00,,"29,957.59Cr",,,,,,,,,
19,21/07/21 10:58,21/07/21,UPI/MOB/120210741264/UPI,,"1,000.00",,"28,957.59Cr",,,,,,,,,
20,21/07/21 18:58,21/07/21,"POS-VISA/UMBRELLA THE SUPER STOZIR
-ZIRA/1202132442",,53.00,,"28,904.59Cr",,,,,,,,,
21,22/07/21 09:02,22/07/21,UPI/MOB/120309246091/UPI Transaction,,"1,000.00",,"27,904.59Cr",,,,,,,,,
22,22/07/21 17:26,22/07/21,"REF/POS-VISA/IOCL 0.75%
CASH/446673/190721",,,3.75,"27,908.34Cr",,,,,,,,,
23,22/07/21 18:57,22/07/21,"ATM-NFS/CASH WITHDRAWAL/PEER
MUCH/120318018939",,500.00,,"27,408.34Cr",,,,,,,,,
0,22/07/21 20:21,22/07/21,UPI/MOB/120320040653/UPI,,40.00,,"27,368.34Cr",,,,,,,,,
1,23/07/21 17:15,23/07/21,UPI/MOB/120417530749/AirtelMoney,,800.00,,"26,568.34Cr",,,,,,,,,
2,23/07/21 18:07,23/07/21,UPI/MOB/120418084295/UPI,,700.00,,"25,868.34Cr",,,,,,,,,
3,23/07/21 18:31,23/07/21,"POS-VISA/HPCL ADHOC TRUCK SUPP
PANCHKUL/1204136482",,992.50,,"24,875.84Cr",,,,,,,,,
4,23/07/21 18:56,23/07/21,UPI/MOB/120418488002/UPI,,150.00,,"24,725.84Cr",,,,,,,,,
5,23/07/21 21:38,23/07/21,UPI/MOB/120494844128/hhh,,,"5,000.00","29,725.84Cr",,,,,,,,,
6,23/07/21 22:58,23/07/21,UPI/MOB/120422243990/UPI,,388.00,,"29,337.84Cr",,,,,,,,,
7,23/07/21 23:02,23/07/21,UPI/MOB/120423292637/UPI,,180.00,,"29,157.84Cr",,,,,,,,,
8,24/07/21 00:58,24/07/21,"UPI/MOB/120500206791/Rewarded for
making eligible",,,2.00,"29,159.84Cr",,,,,,,,,
9,24/07/21 08:54,24/07/21,UPI/MOB/120596530268/Upi Transaction,,"1,000.00",,"28,159.84Cr",,,,,,,,,
10,24/07/21 10:35,24/07/21,UPI/MOB/120510509139/UPI,,"2,500.00",,"25,659.84Cr",,,,,,,,,
11,24/07/21 11:32,24/07/21,UPI/MOB/120511899015/UPI,,900.00,,"24,759.84Cr",,,,,,,,,
12,24/07/21 14:34,24/07/21,DC 10% Cashback campaign Jun21,,,"1,000.00","25,759.84Cr",,,,,,,,,
13,24/07/21 19:09,24/07/21,"POS-VISA/KRISHAN KUMAR
GARG/120519252846",,850.00,,"24,909.84Cr",,,,,,,,,
14,25/07/21 10:44,25/07/21,UPI/MOB/120610609875/UPI,,"1,000.00",,"23,909.84Cr",,,,,,,,,
15,25/07/21 11:29,25/07/21,"UPI/MOB/120609085642/Payment
Request from MakeMyTr",,"1,887.00",,"22,022.84Cr",,,,,,,,,
16,25/07/21 17:02,25/07/21,"POS-VISA/A AND K
ENTERPRISES/120611039832",,641.00,,"21,381.84Cr",,,,,,,,,
17,25/07/21 19:07,25/07/21,"POS-VISA/UMBRELLA THE SUPER STOZIR
-ZIRA/1206135856",,393.00,,"20,988.84Cr",,,,,,,,,
18,25/07/21 20:19,25/07/21,"ATM-NFS/CASH WITHDRAWAL/PEER
MUCH/120620001528",,"1,000.00",,"19,988.84Cr",,,,,,,,,
19,26/07/21 10:44,26/07/21,UPI/MOB/120710741872/UPI,,"1,000.00",,"18,988.84Cr",,,,,,,,,
20,26/07/21 12:43,26/07/21,UPI/MOB/120712822933/UPI,,748.00,,"18,240.84Cr",,,,,,,,,
21,26/07/21 21:19,26/07/21,"IMPS-MOB/Fund
Trf/120721664212/34116625/15708780395
2/",,,"4,000.00","22,240.84Cr",,,,,,,,,
22,27/07/21 11:37,27/07/21,UPI/MOB/120811899053/UPI,,"1,000.00",,"21,240.84Cr",,,,,,,,,
23,27/07/21 11:58,27/07/21,"IMPS-MOB/Fund
Trf/120811793406/34116625/15708780395
2/",,,"4,000.00","25,240.84Cr",,,,,,,,,
0,27/07/21 13:26,27/07/21,"UPI/MOB/120870066576/collect-pay-
request",,"14,668.00",,"10,572.84Cr",,,,,,,,,
1,27/07/21 17:59,27/07/21,"POS-VISA/UMBRELLA THE SUPER STOZIR
-ZIRA/1208121722",,640.00,,"9,932.84Cr",,,,,,,,,
2,27/07/21 18:03,27/07/21,"POS-VISA/KRISHAN KUMAR
GARG/120818442927",,700.00,,"9,232.84Cr",,,,,,,,,
3,27/07/21 18:26,27/07/21,"POS-VISA/HPCL ADHOC TRUCK SUPP
PANCHKUL/1208121785",,992.50,,"8,240.34Cr",,,,,,,,,
4,27/07/21 18:56,27/07/21,UPI/MOB/120818062969/UPI,,150.00,,"8,090.34Cr",,,,,,,,,
5,27/07/21 22:44,27/07/21,UPI/MOB/120822711662/UPI,,295.00,,"7,795.34Cr",,,,,,,,,
6,27/07/21 22:57,27/07/21,UPI/MOB/120822874102/UPI,,200.00,,"7,595.34Cr",,,,,,,,,
7,28/07/21 08:50,28/07/21,"IMPS-MOB/Fund
Trf/120908064379/34116625/1570878039
52/",,,"31,525.00","39,120.34Cr",,,,,,,,,
8,28/07/21 10:23,28/07/21,UPI/MOB/120910874817/UPI,,"1,000.00",,"38,120.34Cr",,,,,,,,,
9,28/07/21 10:25,28/07/21,UPI/MOB/120910916711/UPI,,,6.00,"38,126.34Cr",,,,,,,,,
10,28/07/21 15:13,28/07/21,UPI/MOB/120915059680/UPI,,120.00,,"38,006.34Cr",,,,,,,,,
11,28/07/21 17:28,28/07/21,UPI/MOB/120917130156/UPI,,570.00,,"37,436.34Cr",,,,,,,,,
12,28/07/21 17:48,28/07/21,"POS-VISA/ATO*RAJESH AND
CO/120917293739",,500.00,,"36,936.34Cr",,,,,,,,,
13,28/07/21 17:54,28/07/21,UPI/MOB/120917755465/UPI,,198.00,,"36,738.34Cr",,,,,,,,,
14,28/07/21 18:11,28/07/21,"POS-VISA/HOTEL BAROG
HEIGHTS/120912995672",,"2,500.00",,"34,238.34Cr",,,,,,,,,
15,28/07/21 22:05,28/07/21,UPI/MOB/120922506346/UPI,,120.00,,"34,118.34Cr",,,,,,,,,
16,29/07/21 10:35,29/07/21,UPI/MOB/121010495363/UPI Transaction,,"1,000.00",,"33,118.34Cr",,,,,,,,,
17,29/07/21 11:32,29/07/21,UPI/MOB/121011857928/UPI,,,"8,000.00","41,118.34Cr",,,,,,,,,
18,29/07/21 12:12,29/07/21,"POS-VISA/HOTEL BAROG
HEIGHTS/121006416989",,694.00,,"40,424.34Cr",,,,,,,,,
19,29/07/21 12:32,29/07/21,"ATM-NFS/CASH WITHDRAWAL/SBP
DHARA/121012015237",,"1,000.00",,"39,424.34Cr",,,,,,,,,
20,29/07/21 12:34,29/07/21,UPI/MOB/121012356561/AirtelMoney,,60.00,,"39,364.34Cr",,,,,,,,,
21,29/07/21 12:48,29/07/21,UPI/MOB/121012691628/UPI,,40.00,,"39,324.34Cr",,,,,,,,,
22,29/07/21 14:10,29/07/21,UPI/MOB/121014648397/UPI Transaction,,382.24,,"38,942.10Cr",,,,,,,,,
23,30/07/21 11:29,30/07/21,UPI/MOB/121111573217/UPI,,"1,500.00",,"37,442.10Cr",,,,,,,,,
24,30/07/21 14:19,30/07/21,IMPS-MOB/Fund,,,"10,000.00","47,442.10Cr",,,,,,,,,
0,,,"Trf/121114019287/34116625/157087803952
/",,,,,,,,,,,,,
1,,,"UPI/MOB/121120010545/ZomatoOnlineOrd
er",,,,,,30/07/21,,,482.00,,30/07/21 20:09,,"46,960.10Cr"
2,,,UPI/MOB/121210974087/UPI,,,,,,31/07/21,,,,"30,000.00",31/07/21 10:18,,"76,960.10Cr"
3,,,UPI/MOB/121211637047/UPI,,,,,,31/07/21,,,"1,500.00",,31/07/21 11:18,,"75,460.10Cr"
4,,,"UPI/MOB/121211877958/BeatoappOrder10
01987",,,,,,31/07/21,,,499.00,,31/07/21 11:26,,"74,961.10Cr"
5,,,UPI/MOB/121211029349/AirtelMoney,,,,,,31/07/21,,,500.00,,31/07/21 11:31,,"74,461.10Cr"
6,,,"POS-VISA/KRISHAN KUMAR
GARG/121218480071",,,,,,31/07/21,,,700.00,,31/07/21 18:43,,"73,761.10Cr"
7,,,"POS-VISA/TRUCK SUPPLIERS CORPORPIN
-PINJ/1212134874",,,,,,31/07/21,,,992.50,,31/07/21 19:11,,"72,768.60Cr"
8,,,MONTHLY SAVINGS INTEREST CREDIT,,,,,,31/07/21,,,,151.00,31/07/21 01:43,,"72,919.60Cr"
9,,,UPI/MOB/121309227476/UPI,,,,,,01/08/21,,,"7,000.00",,01/08/21 09:04,,"65,919.60Cr"
10,,,UPI/MOB/121309731417/UberRide,,,,,,01/08/21,,,115.00,,01/08/21 09:26,,"65,804.60Cr"
11,,,UPI/MOB/121309288542/UPI,,,,,,01/08/21,,,149.00,,01/08/21 09:49,,"65,655.60Cr"
12,,,UPI/MOB/121310580082/UPI,,,,,,01/08/21,,,40.00,,01/08/21 10:01,,"65,615.60Cr"
13,,,UPI/MOB/121310205828/UPI,,,,,,01/08/21,,,"1,500.00",,01/08/21 10:25,,"64,115.60Cr"
14,,,"POS-VISA/A AND K
ENTERPRISES/121306026638",,,,,,01/08/21,,,"3,886.00",,01/08/21 11:47,,"60,229.60Cr"
15,,,"POS-VISA/KRISHAN KUMAR
GARG/121315157225",,,,,,01/08/21,,,"1,400.00",,01/08/21 15:51,,"58,829.60Cr"
16,,,UPI/MOB/121402402836/balance payment,,,,,,02/08/21,,,,"19,500.00",02/08/21 10:33,,"78,329.60Cr"
17,,,UPI/MOB/121410935099/UPI,,,,,,02/08/21,,,"1,500.00",,02/08/21 10:51,,"76,829.60Cr"
18,,,UPI/MOB/121410025572/UPI,,,,,,02/08/21,,,,"35,000.00",02/08/21 10:55,,"111,829.60Cr"
19,,,UPI/MOB/121410154216/UPI,,,,,,02/08/21,,,,"19,500.00",02/08/21 10:59,,"131,329.60Cr"
20,,,"IMPS-RIB/Fund Trf/121411628237/Aarif
Hussain
Radhu/002901519209ICIC/7thAugGroupA
dvance",,,,,,02/08/21,,,"15,000.00",,02/08/21 11:19,,"116,329.60Cr"
21,,,UPI/MOB/121413479182/UPI,,,,,,02/08/21,,,"2,394.94",,02/08/21 13:25,,"113,934.66Cr"
22,,,UPI/MOB/121413796137/Pay,,,,,,02/08/21,,,"4,060.00",,02/08/21 13:35,,"109,874.66Cr"
23,,,"POS-VISA/Google
WorkSpace/121408247806",,,,,,02/08/21,,,826.00,,02/08/21 13:40,,"109,048.66Cr"
0,02/08/21 17:37,02/08/21,"POS-VISA/KRISHAN KUMAR
GARG/121417046586",,800.00,,"108,248.66Cr",,,,,,,,,
1,02/08/21 18:03,02/08/21,"POS-VISA/TRUCK SUPPLIERS CORPORPIN
-PINJ/1214121548",,992.50,,"107,256.16Cr",,,,,,,,,
2,02/08/21 18:58,02/08/21,UPI/MOB/121418040878/UPI,,130.00,,"107,126.16Cr",,,,,,,,,
3,02/08/21 20:56,02/08/21,UPI/MOB/121420718783/UPI,,220.00,,"106,906.16Cr",,,,,,,,,
4,03/08/21 11:42,03/08/21,"IMPS-RIB/Fund Trf/121511795947/lav
gupta/157087803952INDB/",,"1,000.00",,"105,906.16Cr",,,,,,,,,
5,03/08/21 12:40,03/08/21,"IMPS-RIB/Fund Trf/121512807779/Mukesh
Kumar Rathaur/03281000007418HDFC/",,"5,000.00",,"100,906.16Cr",,,,,,,,,
6,03/08/21 12:54,03/08/21,UPI/MOB/121512411421/UPI,,"1,500.00",,"99,406.16Cr",,,,,,,,,
7,03/08/21 12:55,03/08/21,"UPI/MOB/121512447393/Rewarded for
using Google Pay",,,2.0,"99,408.16Cr",,,,,,,,,
8,03/08/21 17:04,03/08/21,POS-VISA/MEHFIL/121511892619,,381.00,,"99,027.16Cr",,,,,,,,,
9,03/08/21 20:14,03/08/21,"POS-VISA/ATO*RAJESH AND
CO/121520794898",,650.00,,"98,377.16Cr",,,,,,,,,
10,03/08/21 20:21,03/08/21,UPI/MOB/121520992692/UPI,,330.00,,"98,047.16Cr",,,,,,,,,
11,04/08/21 11:51,04/08/21,UPI/MOB/121611545564/UPI,,"3,000.00",,"95,047.16Cr",,,,,,,,,
12,04/08/21 12:17,04/08/21,UPI/MOB/121612386583/UPI,,79.00,,"94,968.16Cr",,,,,,,,,
13,04/08/21 12:17,04/08/21,UPI-REV/MOB/121612386583/UPI,,,79.0,"95,047.16Cr",,,,,,,,,
14,04/08/21 12:18,04/08/21,UPI/MOB/121612433382/UPI,,79.00,,"94,968.16Cr",,,,,,,,,
15,04/08/21 12:24,04/08/21,UPI/MOB/121612606449/UPI,,130.00,,"94,838.16Cr",,,,,,,,,
16,04/08/21 13:24,04/08/21,"POS-VISA/UMBRELLA THE SUPER STOZIR
-ZIRA/1216076946",,572.00,,"94,266.16Cr",,,,,,,,,
17,04/08/21 13:28,04/08/21,UPI/MOB/121613623515/UPI,,100.00,,"94,166.16Cr",,,,,,,,,
18,04/08/21 18:57,04/08/21,"POS-VISA/UMBRELLA THE SUPER STOZIR
-ZIRA/1216138195",,53.00,,"94,113.16Cr",,,,,,,,,
19,04/08/21 19:00,04/08/21,"POS-VISA/KRISHAN KUMAR
GARG/121619693144",,800.00,,"93,313.16Cr",,,,,,,,,
20,05/08/21 11:49,05/08/21,UPI/MOB/121711238762/UPI,,"1,500.00",,"91,813.16Cr",,,,,,,,,
21,05/08/21 18:57,05/08/21,UPI/MOB/121718157702/UPI,,10.00,,"91,803.16Cr",,,,,,,,,
22,05/08/21 19:30,05/08/21,POS-VISA/GOOGLE* Tinder/121714448759,,83.07,,"91,720.09Cr",,,,,,,,,
23,05/08/21 22:34,05/08/21,UPI/MOB/121722096605/UPI,,"2,757.00",,"88,963.09Cr",,,,,,,,,
24,05/08/21 22:36,05/08/21,UPI/MOB/121722146376/UPI,,,11.0,"88,974.09Cr",,,,,,,,,
0,25/01/21 12:55,25/01/21,UPI/MOB/102512498224/UPI,,"1,700.00",,"18,263.34Cr",,,,,,,,,
1,25/01/21 18:33,25/01/21,"POS-VISA/KRISHAN KUMAR
GARG/102518747607",,450.00,,"17,813.34Cr",,,,,,,,,
2,26/01/21 17:39,26/01/21,"POS-VISA/PETRO INDIA FILLING
STPANCHAKU/1026125462",,"1,000.00",,"16,813.34Cr",,,,,,,,,
3,26/01/21 20:07,26/01/21,"POS-VISA/ATO*RAJESH AND
CO/102620534099",,450.00,,"16,363.34Cr",,,,,,,,,
4,26/01/21 20:16,26/01/21,UPI/MOB/102620146987/UPI,,340.00,,"16,023.34Cr",,,,,,,,,
5,26/01/21 23:33,26/01/21,"UPI/MOB/102623580795/UPI Transaction
for 75414352",,"6,733.00",,"9,290.34Cr",,,,,,,,,
6,26/01/21 23:47,26/01/21,UPI/MOB/102623685286/UPI,,470.00,,"8,820.34Cr",,,,,,,,,
7,27/01/21 10:25,27/01/21,"POS-VISA/HOTEL RAMADA
KASAULI/102704785054",,690.00,,"8,130.34Cr",,,,,,,,,
8,27/01/21 15:41,27/01/21,"IMPS-MOB/Fund
Trf/102715480649/34116625/15708780395
2/",,,"30,000.00","38,130.34Cr",,,,,,,,,
9,27/01/21 15:58,27/01/21,UPI/MOB/102715799711/UPI,,"4,915.00",,"33,215.34Cr",,,,,,,,,
10,27/01/21 17:43,27/01/21,"POS-VISA/ATO*RAJESH AND
CO/102717379986",,450.00,,"32,765.34Cr",,,,,,,,,
11,27/01/21 17:59,27/01/21,UPI/MOB/102717046808/UPI,,200.00,,"32,565.34Cr",,,,,,,,,
12,27/01/21 21:30,27/01/21,POS-VISA/THE UPPALS/102721100684,,"1,180.00",,"31,385.34Cr",,,,,,,,,
13,27/01/21 22:19,27/01/21,"ATM-NFS/CASH
WITHDRAWAL/GARKHAL/102722007353",,"1,000.00",,"30,385.34Cr",,,,,,,,,
14,28/01/21 11:40,28/01/21,POS-VISA/THE UPPALS/102811745117,,"2,290.00",,"28,095.34Cr",,,,,,,,,
15,28/01/21 13:46,28/01/21,UPI/MOB/102813471012/UPI,,800.00,,"27,295.34Cr",,,,,,,,,
16,28/01/21 14:24,28/01/21,UPI/MOB/102814474552/UPI,,"1,500.00",,"25,795.34Cr",,,,,,,,,
17,28/01/21 15:16,28/01/21,"IMPS-MOB/Fund
Trf/102815813807/34116625/15708780395
2/",,,"19,500.00","45,295.34Cr",,,,,,,,,
18,28/01/21 16:26,28/01/21,"REF/POS-VISA/PETRO INDIA
FIL/977296/260121",,,7.50,"45,302.84Cr",,,,,,,,,
19,29/01/21 10:50,29/01/21,UPI/MOB/102910614149/UPI Transaction,,382.23,,"44,920.61Cr",,,,,,,,,
20,29/01/21 10:53,29/01/21,"POS-VISA/BHARTI AIRTEL
LTD/102905130254",,708.00,,"44,212.61Cr",,,,,,,,,
21,29/01/21 12:31,29/01/21,"IMPS-MOB/Fund
Trf/102912113791/34116625/157087803952
/",,,"64,645.00","108,857.61Cr",,,,,,,,,
22,29/01/21 18:24,29/01/21,POS-VISA/KRISHAN KUMAR,,150.00,,"108,707.61Cr",,,,,,,,,
0,05/08/21 22:38,05/08/21,"UPI/MOB/121722174245/Rewarded for
using Google Pay",,,10.00,"88,984.09Cr",,,,,,,,,
1,06/08/21 10:37,06/08/21,UPI/MOB/121810405154/UPI,,"1,500.00",,"87,484.09Cr",,,,,,,,,
2,06/08/21 10:59,06/08/21,"IMPS-RIB/Fund Trf/121810260920/Mr
PHUNCHOK
TSERING/30486475490SBIN/",,"15,000.00",,"72,484.09Cr",,,,,,,,,
3,06/08/21 18:16,06/08/21,UPI/MOB/121818406222/UPI,,935.00,,"71,549.09Cr",,,,,,,,,
4,06/08/21 18:28,06/08/21,"UPI/MOB/121818809792/Payment made to
Merchant",,200.00,,"71,349.09Cr",,,,,,,,,
5,06/08/21 18:31,06/08/21,"POS-VISA/KRISHAN KUMAR
GARG/121818266841",,900.00,,"70,449.09Cr",,,,,,,,,
6,06/08/21 19:10,06/08/21,UPI/MOB/121819240831/UPI,,600.00,,"69,849.09Cr",,,,,,,,,
7,07/08/21 10:57,07/08/21,UPI/MOB/121910372614/UPI,,"1,045.00",,"68,804.09Cr",,,,,,,,,
8,07/08/21 11:36,07/08/21,"UPI/MOB/121911515089/Pay To
SUNEELKUMAR",,30.00,,"68,774.09Cr",,,,,,,,,
9,07/08/21 12:51,07/08/21,"IMPS-RIB/Fund Trf/121912441414/Mukesh
Kumar
Rathaur/03281000007418HDFC/pangongc
amppayment",,"10,000.00",,"58,774.09Cr",,,,,,,,,
10,07/08/21 12:51,07/08/21,"IMPS-RIB/FT-
REV/121912441414/03281000007418HDFC
/pangongcamppayment",,,"10,000.00","68,774.09Cr",,,,,,,,,
11,07/08/21 12:52,07/08/21,"IMPS-RIB/Fund Trf/121912441660/Mukesh
Kumar
Rathaur/03281000007418HDFC/pangongc
amppayment",,"10,000.00",,"58,774.09Cr",,,,,,,,,
12,07/08/21 12:57,07/08/21,UPI/MOB/121912857251/UPI,,"1,000.00",,"57,774.09Cr",,,,,,,,,
13,07/08/21 14:05,07/08/21,UPI/MOB/121914791336/AirtelMoney,,100.00,,"57,674.09Cr",,,,,,,,,
14,07/08/21 14:07,07/08/21,"POS-VISA/HPCL ADHOC TRUCK SUPP
PANCHKUL/1219083692",,"1,091.75",,"56,582.34Cr",,,,,,,,,
15,07/08/21 15:29,07/08/21,"IMPS-MOB/Fund
Trf/121915151791/34116625/157087803952/",,,"22,500.00","79,082.34Cr",,,,,,,,,
16,07/08/21 15:36,07/08/21,UPI/MOB/121915132291/UPI,,100.00,,"78,982.34Cr",,,,,,,,,
17,07/08/21 16:22,07/08/21,"POS-VISA/NEELGIRI
RESORTS/121916617167",,"2,200.00",,"76,782.34Cr",,,,,,,,,
18,07/08/21 16:23,07/08/21,"POS-VISA/NEELGIRI RESORTS-
CANCELLED/121916617167",,,"2,200.00","78,982.34Cr",,,,,,,,,
19,07/08/21 18:33,07/08/21,"POS-VISA/NEELGIRI
RESORTS/121918969264",,"2,200.00",,"76,782.34Cr",,,,,,,,,
20,07/08/21 18:42,07/08/21,"POS-VISA/ATO*RAJESH AND
CO/121918995035",,500.00,,"76,282.34Cr",,,,,,,,,
0,07/08/21 18:48,07/08/21,UPI/MOB/121918424207/UPI,,10.00,,"76,272.34Cr",,,,,,,,,
1,07/08/21 18:50,07/08/21,UPI/MOB/121918482786/UPI,,280.00,,"75,992.34Cr",,,,,,,,,
2,08/08/21 01:42,08/08/21,UPI/MOB/122001706838/UPI,,160.00,,"75,832.34Cr",,,,,,,,,
3,08/08/21 08:23,08/08/21,POS-VISA/GOOGLE* happn/122002317260,,599.00,,"75,233.34Cr",,,,,,,,,
4,08/08/21 12:58,08/08/21,UPI/MOB/122012145167/UPI,,"1,000.00",,"74,233.34Cr",,,,,,,,,
5,08/08/21 13:18,08/08/21,"UPI/MOB/122013677150/leh trip for 2
persone",,,"9,000.00","83,233.34Cr",,,,,,,,,
6,08/08/21 18:52,08/08/21,"POS-VISA/ATO*RAJESH AND
CO/122018785614",,500.00,,"82,733.34Cr",,,,,,,,,
7,09/08/21 00:29,09/08/21,"ATM-NFS/CASH WITHDRAWAL/SBP
DHARA/122100014638",,"1,000.00",,"81,733.34Cr",,,,,,,,,
8,09/08/21 00:37,09/08/21,UPI/MOB/122100754042/UPI,,170.00,,"81,563.34Cr",,,,,,,,,
9,09/08/21 09:33,09/08/21,"IMPS-MOB/Fund
Trf/122109605237/34116625/15708780395
2/",,,"13,500.00","95,063.34Cr",,,,,,,,,
10,09/08/21 12:07,09/08/21,"POS-VISA/NEELGIRI
RESORTS/122112686305",,"6,288.40",,"88,774.94Cr",,,,,,,,,
11,09/08/21 17:50,09/08/21,"IMPS-RIB/Fund Trf/122117747335/Stanzin
Tsultim/50100290061689HDFC/camppay
ment",,"10,000.00",,"78,774.94Cr",,,,,,,,,
12,09/08/21 17:57,09/08/21,UPI/MOB/122117688745/UPI,,500.00,,"78,274.94Cr",,,,,,,,,
13,09/08/21 17:58,09/08/21,UPI/MOB/122117716828/UPI,,,11.00,"78,285.94Cr",,,,,,,,,
14,09/08/21 18:00,09/08/21,UPI/MOB/122118767360/UPI,,,9.26,"78,295.20Cr",,,,,,,,,
15,09/08/21 18:02,09/08/21,UPI/MOB/122118838698/UPI,,,2.00,"78,297.20Cr",,,,,,,,,
16,09/08/21 18:57,09/08/21,"POS-VISA/UMBRELLA THE SUPER STOZIR
-ZIRA/1221136405",,10.00,,"78,287.20Cr",,,,,,,,,
17,09/08/21 19:01,09/08/21,"POS-VISA/KRISHAN KUMAR
GARG/122119837713",,700.00,,"77,587.20Cr",,,,,,,,,
18,10/08/21 10:40,10/08/21,UPI/MOB/122210655165/UPI,,"1,000.00",,"76,587.20Cr",,,,,,,,,
19,10/08/21 13:44,10/08/21,Debit Card Anniversary Cashback,,,229.00,"76,816.20Cr",,,,,,,,,
20,10/08/21 15:38,10/08/21,"UPI/MOB/122252653441/UPI Payment-
Remaining trip pa",,,"42,000.00","118,816.20Cr",,,,,,,,,
21,10/08/21 17:38,10/08/21,"Ecom Purchase/31517997/PayU
Payme/Flight Book",,"50,904.00",,"67,912.20Cr",,,,,,,,,
22,10/08/21 19:10,10/08/21,"POS-VISA/UMBRELLA THE SUPER STOZIR
-ZIRA/1222139785",,153.00,,"67,759.20Cr",,,,,,,,,
23,10/08/21 00:04,10/08/21,IMPS-MOB/Fund,,,"50,000.00","117,759.20Cr",,,,,,,,,
0,,,"Trf/122300245910/34116625/15708780395
2/",,,,,,,,,,,,,
1,,,UPI/MOB/122313133124/UPI,,,,,,11/08/21,,,"1,500.00",,11/08/21 13:08,,"116,259.20Cr"
2,,,"IMPS-RIB/Fund Trf/122313008321/Aarif
Hussain Radhu/002901519209ICIC/",,,,,,11/08/21,,,"19,400.00",,11/08/21 13:22,,"96,859.20Cr"
3,,,"POS-VISA/UMBRELLA THE SUPER STOZIR
-ZIRA/1223122780",,,,,,11/08/21,,,759.00,,11/08/21 17:57,,"96,100.20Cr"
4,,,UPI/MOB/122318423052/AirtelMoney,,,,,,11/08/21,,,100.00,,11/08/21 18:11,,"96,000.20Cr"
5,,,"POS-VISA/CHANDEL FILLING STATIOSOL-
SOLA/1223133034",,,,,,11/08/21,,,"1,000.00",,11/08/21 18:47,,"95,000.20Cr"
6,,,"UPI/MOB/122318996610/thetouring
Maldives flight ba",,,,,,11/08/21,,,,904.00,11/08/21 18:49,,"95,904.20Cr"
7,,,UPI/MOB/122319396765/UPI,,,,,,11/08/21,,,210.00,,11/08/21 19:14,,"95,694.20Cr"
8,,,"POS-VISA/ATO*RAJESH AND
CO/122319263740",,,,,,11/08/21,,,"1,300.00",,11/08/21 19:18,,"94,394.20Cr"
9,,,UPI/MOB/122321912420/UPI,,,,,,11/08/21,,,110.00,,11/08/21 21:24,,"94,284.20Cr"
10,,,UPI/MOB/122323521190/UPI,,,,,,11/08/21,,,500.00,,11/08/21 23:34,,"93,784.20Cr"
11,,,UPI/MOB/122435124692/Upi Transaction,,,,,,12/08/21,,,"1,500.00",,12/08/21 11:51,,"92,284.20Cr"
12,,,UPI/MOB/122413194975/UPI,,,,,,12/08/21,,,,5.00,12/08/21 13:25,,"92,289.20Cr"
13,,,UPI/MOB/122413328302/UPI,,,,,,12/08/21,,,,3.70,12/08/21 13:30,,"92,292.90Cr"
14,,,"IMPS-MOB/Fund
Trf/122414758551/34116625/157087803952
/",,,,,,12/08/21,,,,"27,000.00",12/08/21 14:35,,"119,292.90Cr"
15,,,"IMPS-RIB/Fund Trf/122414170353/Mr
PHUNCHOK
TSERING/30486475490SBIN/tempopaym
ent",,,,,,12/08/21,,,"21,000.00",,12/08/21 14:37,,"98,292.90Cr"
16,,,"IMPS-MOB/Fund
Trf/122416805143/34116625/15708780395
2/",,,,,,12/08/21,,,,"18,000.00",12/08/21 16:56,,"116,292.90Cr"
17,,,UPI/MOB/122418691867/UPI,,,,,,12/08/21,,,70.00,,12/08/21 18:37,,"116,222.90Cr"
18,,,"POS-VISA/ATO*RAJESH AND
CO/122418987244",,,,,,12/08/21,,,"1,000.00",,12/08/21 18:40,,"115,222.90Cr"
19,,,UPI/MOB/122419291019/UPI,,,,,,12/08/21,,,130.00,,12/08/21 19:25,,"115,092.90Cr"
20,,,UPI/MOB/122419585808/UPI,,,,,,12/08/21,,,250.00,,12/08/21 19:34,,"114,842.90Cr"
21,,,"UPI/MOB/122443177607/Remaining
payment",,,,,,12/08/21,,,,"9,000.00",12/08/21 20:40,,"123,842.90Cr"
22,,,UPI/MOB/122421713534/UPI,,,,,,12/08/21,,,200.00,,12/08/21 21:09,,"123,642.90Cr"
0,,,,,,,,,,,,,,,,
1,,,UPI/MOB/122511727684/UPI,,,,,,13/08/21,,,,"18,000.00",13/08/21 11:51,,"141,642.90Cr"
2,,,UPI/MOB/122512445970/UPI,,,,,,13/08/21,,,"2,400.00",,13/08/21 12:18,,"139,242.90Cr"
3,,,UPI/MOB/122512673243/UPI Transaction,,,,,,13/08/21,,,"1,500.00",,13/08/21 12:27,,"137,742.90Cr"
4,,,UPI/MOB/122512039471/UPI,,,,,,13/08/21,,,20.00,,13/08/21 12:40,,"137,722.90Cr"
5,,,"REF/POS-VISA/IOCL 0.75%
CASH/696367/110821",,,,,,13/08/21,,,,7.50,13/08/21 15:26,,"137,730.40Cr"
6,,,UPI/MOB/122517572147/UPI,,,,,,13/08/21,,,"10,200.00",,13/08/21 17:33,,"127,530.40Cr"
7,,,UPI/MOB/122552996992/UPI,,,,,,13/08/21,,,,"10,500.00",13/08/21 18:25,,"138,030.40Cr"
8,,,UPI/MOB/122518097463/UPI,,,,,,13/08/21,,,,3.00,13/08/21 18:29,,"138,033.40Cr"
9,,,UPI/MOB/122519075781/UPI,,,,,,13/08/21,,,53.00,,13/08/21 19:01,,"137,980.40Cr"
10,,,"UPI/MOB/122520093442/ZomatoOnlineOr
der",,,,,,13/08/21,,,220.00,,13/08/21 20:37,,"137,760.40Cr"
11,,,REV/TC/UPI/118112957544/30062021,,,,,,13/08/21,,,"4,200.00",,13/08/21 21:02,,"133,560.40Cr"
12,,,REV/TC/UPI/119007816726/08072021,,,,,,13/08/21,,,"6,000.00",,13/08/21 21:02,,"127,560.40Cr"
13,,,UPI/MOB/122610544668/UPI,,,,,,14/08/21,,,"1,500.00",,14/08/21 10:58,,"126,060.40Cr"
14,,,"UPI/MOB/122613245236/Pay To
SUNEELKUMAR",,,,,,14/08/21,,,35.00,,14/08/21 13:47,,"126,025.40Cr"
15,,,UPI/MOB/122615853484/UPI,,,,,,14/08/21,,,240.00,,14/08/21 15:33,,"125,785.40Cr"
16,,,UPI/MOB/122607135333/UPI,,,,,,14/08/21,,,,"6,000.00",14/08/21 18:06,,"131,785.40Cr"
17,,,UPI/MOB/122618718880/UPI,,,,,,14/08/21,,,600.00,,14/08/21 18:46,,"131,185.40Cr"
18,,,UPI/MOB/122620884546/UPI,,,,,,14/08/21,,,600.00,,14/08/21 20:25,,"130,585.40Cr"
19,,,UPI/MOB/122621513334/UPI,,,,,,14/08/21,,,"10,000.00",,14/08/21 21:24,,"120,585.40Cr"
20,,,UPI/MOB/122771983472/Upi Transaction,,,,,,15/08/21,,,"1,500.00",,15/08/21 11:35,,"119,085.40Cr"
21,,,"UPI/MOB/122711212077/Earned for using
Google Pay",,,,,,15/08/21,,,,4.00,15/08/21 11:37,,"119,089.40Cr"
22,,,"POS-VISA/A AND K
ENTERPRISES/122706252761",,,,,,15/08/21,,,"8,860.00",,15/08/21 12:11,,"110,229.40Cr"
23,,,POS-VISA/WESTSIDE./122708256336,,,,,,15/08/21,,,"2,797.00",,15/08/21 13:43,,"107,432.40Cr"
24,,,UPI/MOB/122714356813/UPI,,,,,,15/08/21,,,"5,000.00",,15/08/21 14:38,,"102,432.40Cr"
25,,,UPI/MOB/122715879591/UPI,,,,,,15/08/21,,,"25,000.00",,15/08/21 15:04,,"77,432.40Cr"
26,,,UPI/MOB/122715837310/Pay To SECURE,,,,,,15/08/21,,,100.00,,15/08/21 15:52,,"77,332.40Cr"
0,,,PARKING SOLUT,,,,,,,,,,,,,
1,,,UPI/MOB/122716821619/UPI,,,,,,15/08/21,,,"2,053.00",,15/08/21 16:41,,"75,279.40Cr"
2,,,"POS-VISA/PARADISE
LIQUORS/122713530183",,,,,,15/08/21,,,"1,400.00",,15/08/21 19:09,,"73,879.40Cr"
3,,,"UPI/MOB/122719399933/Pay to BharatPe
Merchant",,,,,,15/08/21,,,180.00,,15/08/21 19:11,,"73,699.40Cr"
4,,,UPI/MOB/122720898977/UPI,,,,,,15/08/21,,,123.00,,15/08/21 20:02,,"73,576.40Cr"
5,,,UPI/MOB/122809261389/UPI,,,,,,16/08/21,,,1.00,,16/08/21 09:23,,"73,575.40Cr"
6,,,UPI/MOB/122809581729/UPI,,,,,,16/08/21,,,"10,000.00",,16/08/21 09:38,,"63,575.40Cr"
7,,,UPI/MOB/122810627284/OLACABS,,,,,,16/08/21,,,1.00,,16/08/21 10:25,,"63,574.40Cr"
8,,,"POS-VISA/A AND K
ENTERPRISES/122807044704",,,,,,16/08/21,,,"6,179.00",,16/08/21 12:59,,"57,395.40Cr"
9,,,UPI/MOB/122885443568/UPI,,,,,,16/08/21,,,,"12,600.00",16/08/21 14:35,,"69,995.40Cr"
10,,,"IMPS-RIB/Fund
Trf/122818701373/ULTIMATE HIMALAYA
VENTURE/34876312115SBIN/",,,,,,16/08/21,,,"5,000.00",,16/08/21 18:51,,"64,995.40Cr"
11,,,UPI/MOB/122819218117/UPI,,,,,,16/08/21,,,60.00,,16/08/21 19:08,,"64,935.40Cr"
12,,,"ATM-NFS/CASH WITHDRAWAL/PEER
MUCH/122819010299",,,,,,16/08/21,,,"1,000.00",,16/08/21 19:13,,"63,935.40Cr"
13,,,UPI/MOB/122819508302/UPI,,,,,,16/08/21,,,45.00,,16/08/21 19:17,,"63,890.40Cr"
14,,,UPI/MOB/122822214264/UPI,,,,,,16/08/21,,,,"6,000.00",16/08/21 22:02,,"69,890.40Cr"
15,,,UPI/MOB/122822675234/UPI,,,,,,16/08/21,,,,7.06,16/08/21 22:28,,"69,897.46Cr"
16,,,"Charge:Cash Wdl at Other
ATM/Inv0607211634439121/29-JUL-2021/",,,,,,17/08/21,,,20.00,,17/08/21 07:51,,"69,877.46Cr"
17,,,"CGST on Charge:Cash Wdl at Other
ATM/Inv0607211634439121/29-JUL-2021/",,,,,,17/08/21,,,1.80,,17/08/21 07:51,,"69,875.66Cr"
18,,,"SGST on Charge:Cash Wdl at Other
ATM/Inv0607211634439121/29-JUL-2021/",,,,,,17/08/21,,,1.80,,17/08/21 07:51,,"69,873.86Cr"
19,,,UPI/MOB/122910005526/UPI Transaction,,,,,,17/08/21,,,"1,500.00",,17/08/21 10:01,,"68,373.86Cr"
20,,,"UPI/MOB/122938932612/Ladakh Trip
Advance",,,,,,17/08/21,,,,"13,500.00",17/08/21 11:54,,"81,873.86Cr"
21,,,"Temporary
Credit/UPI/122621513334/14082021",,,,,,14/08/21,,,,"10,000.00",17/08/21 17:44,,"91,873.86Cr"
22,,,UPI/MOB/122918437886/UPI,,,,,,17/08/21,,,"2,500.00",,17/08/21 18:12,,"89,373.86Cr"
23,,,UPI/MOB/123011950887/UPI,,,,,,18/08/21,,,"1,500.00",,18/08/21 11:01,,"87,873.86Cr"
0,18/08/21 13:16,18/08/21,UPI/MOB/123013561613/AirtelMoney,,100.00,,"87,773.86Cr",,,,,,,,,
1,18/08/21 14:34,18/08/21,"UPI/MOB/123024172390/Jince and
Reshma TheTouring M",,,"65,000.00","152,773.86Cr",,,,,,,,,
2,18/08/21 16:49,18/08/21,"POS-VISA/UMBRELLA THE SUPER STOZIR
-ZIRA/1230117310",,600.00,,"152,173.86Cr",,,,,,,,,
3,18/08/21 17:22,18/08/21,UPI/MOB/123017745093/UPI,,"1,000.00",,"151,173.86Cr",,,,,,,,,
4,18/08/21 17:23,18/08/21,UPI/MOB/123017757318/UPI,,,8.00,"151,181.86Cr",,,,,,,,,
5,18/08/21 17:25,18/08/21,UPI/MOB/123017835189/UPI,,,"19,500.00","170,681.86Cr",,,,,,,,,
6,18/08/21 17:56,18/08/21,"REF/Credit Adjustment/122810627284/16-
08-2021",,,1.00,"170,682.86Cr",,,,,,,,,
7,18/08/21 18:25,18/08/21,UPI/MOB/123018466199/UPI,,270.00,,"170,412.86Cr",,,,,,,,,
8,18/08/21 18:32,18/08/21,"POS-VISA/ATO*RAJESH AND
CO/123018173559",,750.00,,"169,662.86Cr",,,,,,,,,
9,18/08/21 19:04,18/08/21,UPI/MOB/123019664830/UPI,,60.00,,"169,602.86Cr",,,,,,,,,
10,18/08/21 19:14,18/08/21,"POS-VISA/ATO*RAJESH AND
CO/123019294834",,900.00,,"168,702.86Cr",,,,,,,,,
11,18/08/21 19:41,18/08/21,UPI/MOB/123019880778/UPI,,"4,000.00",,"164,702.86Cr",,,,,,,,,
12,19/08/21 11:07,19/08/21,UPI/MOB/123119092543/Upi Transaction,,"1,500.00",,"163,202.86Cr",,,,,,,,,
13,19/08/21 12:52,19/08/21,UPI/MOB/123112174374/UPI,,"1,050.00",,"162,152.86Cr",,,,,,,,,
14,19/08/21 14:58,19/08/21,UPI/MOB/123114409580/UPI,,100.00,,"162,052.86Cr",,,,,,,,,
15,19/08/21 15:11,19/08/21,"POS-VISA/NEELGIRI
RESORTS/123115558269",,"2,200.00",,"159,852.86Cr",,,,,,,,,
16,20/08/21 08:45,20/08/21,UPI/MOB/123208918809/UPI,,"1,500.00",,"158,352.86Cr",,,,,,,,,
17,20/08/21 12:29,20/08/21,"IMPS-RIB/Fund Trf/123212186599/Mr
PHUNCHOK
TSERING/30486475490SBIN/21stgroupad
vance",,"25,000.00",,"133,352.86Cr",,,,,,,,,
18,20/08/21 12:31,20/08/21,"IMPS-RIB/Fund Trf/123212186908/Aarif
Hussain
Radhu/002901519209ICIC/21staugustgrou
padvance",,"20,000.00",,"113,352.86Cr",,,,,,,,,
19,20/08/21 15:57,20/08/21,"UPI/MOB/123280016413/collect-pay-
request",,"15,000.00",,"98,352.86Cr",,,,,,,,,
20,20/08/21 15:59,20/08/21,"UPI/MOB/123280033726/collect-pay-
request",,"14,500.00",,"83,852.86Cr",,,,,,,,,
21,20/08/21 16:31,20/08/21,"IMPS-MOB/Fund
Trf/123216327192/34116625/157087803952
/",,,"9,000.00","92,852.86Cr",,,,,,,,,
0,20/08/21 16:42,20/08/21,"POS-VISA/ATO*RAJESH AND
CO/123216635525",,550.00,,"92,302.86Cr",,,,,,,,,
1,20/08/21 16:46,20/08/21,UPI/MOB/123216885523/UPI,,440.00,,"91,862.86Cr",,,,,,,,,
2,21/08/21 12:18,21/08/21,UPI/MOB/123343340620/Upi Transaction,,"1,500.00",,"90,362.86Cr",,,,,,,,,
3,21/08/21 12:24,21/08/21,"POS-VISA/NEELGIRI
RESORTS/123312963792",,"4,478.00",,"85,884.86Cr",,,,,,,,,
4,21/08/21 12:24,21/08/21,"POS-VISA/NEELGIRI RESORTS-
CANCELLED/123312963792",,,"4,478.00","90,362.86Cr",,,,,,,,,
5,21/08/21 12:25,21/08/21,"POS-VISA/NEELGIRI
RESORTS/123312966284",,"4,478.00",,"85,884.86Cr",,,,,,,,,
6,21/08/21 13:57,21/08/21,UPI/MOB/123313295541/UPI,,,5.00,"85,889.86Cr",,,,,,,,,
7,21/08/21 13:58,21/08/21,UPI/MOB/123313321550/UPI,,,5.00,"85,894.86Cr",,,,,,,,,
8,21/08/21 14:55,21/08/21,UPI/MOB/123314737783/UPI,,27.00,,"85,867.86Cr",,,,,,,,,
9,21/08/21 16:14,21/08/21,UPI/MOB/123316697762/UPI,,180.00,,"85,687.86Cr",,,,,,,,,
10,21/08/21 18:35,21/08/21,"POS-VISA/ATO*RAJESH AND
CO/123318905787",,650.00,,"85,037.86Cr",,,,,,,,,
11,21/08/21 18:38,21/08/21,"POS-VISA/ATO*RAJESH AND
CO/123318916909",,180.00,,"84,857.86Cr",,,,,,,,,
12,21/08/21 18:57,21/08/21,UPI/MOB/123318194940/UPI,,100.00,,"84,757.86Cr",,,,,,,,,
13,21/08/21 19:12,21/08/21,UPI/MOB/123348965772/UPI,,,190.00,"84,947.86Cr",,,,,,,,,
14,22/08/21 11:53,22/08/21,UPI/MOB/123411387687/UPI,,"2,500.00",,"82,447.86Cr",,,,,,,,,
15,22/08/21 19:02,22/08/21,"POS-VISA/UMBRELLA THE SUPER STOZIR
-ZIRA/1234133759",,85.00,,"82,362.86Cr",,,,,,,,,
16,22/08/21 19:07,22/08/21,"POS-VISA/KRISHAN KUMAR
GARG/123419673462",,800.00,,"81,562.86Cr",,,,,,,,,
17,22/08/21 19:11,22/08/21,"ATM-NFS/CASH
WITHDRAWAL/INDUSIND/123419020546",,"10,000.00",,"71,562.86Cr",,,,,,,,,
18,22/08/21 19:12,22/08/21,"ATM-NFS/CASH
WITHDRAWAL/INDUSIND/123419020816",,"10,000.00",,"61,562.86Cr",,,,,,,,,
19,22/08/21 19:14,22/08/21,"ATM-NFS/CASH
WITHDRAWAL/INDUSIND/123419021117",,"10,000.00",,"51,562.86Cr",,,,,,,,,
20,22/08/21 19:15,22/08/21,"ATM-NFS/CASH
WITHDRAWAL/INDUSIND/123419021371",,"10,000.00",,"41,562.86Cr",,,,,,,,,
21,22/08/21 19:16,22/08/21,"ATM-NFS/CASH
WITHDRAWAL/INDUSIND/123419021739",,"10,000.00",,"31,562.86Cr",,,,,,,,,
22,22/08/21 20:54,22/08/21,"IMPS-MOB/Fund
Trf/123420941384/34116625/15708780395
2/",,,"20,000.00","51,562.86Cr",,,,,,,,,
0,23/08/21 08:54,23/08/21,UPI/MOB/123563802540/Upi Transaction,,"1,500.00",,"50,062.86Cr",,,,,,,,,
1,23/08/21 08:55,23/08/21,UPI/MOB/123508869459/UPI,,,5.00,"50,067.86Cr",,,,,,,,,
2,23/08/21 09:42,23/08/21,"POS-VISA/VEER SHYAM
SINGH/123504204570",,"1,000.00",,"49,067.86Cr",,,,,,,,,
3,23/08/21 10:47,23/08/21,UPI/MOB/123510265806/UPI,,,"10,000.00","59,067.86Cr",,,,,,,,,
4,23/08/21 10:48,23/08/21,UPI/MOB/123510272951/UPI,,,"5,000.00","64,067.86Cr",,,,,,,,,
5,23/08/21 12:16,23/08/21,"ATM-NFS/CASH
WITHDRAWAL/DISTRCIT/123512180379",,"10,000.00",,"54,067.86Cr",,,,,,,,,
6,23/08/21 12:17,23/08/21,"ATM-NFS/CASH
WITHDRAWAL/DISTRCIT/123512180380",,"10,000.00",,"44,067.86Cr",,,,,,,,,
7,23/08/21 12:40,23/08/21,UPI/MOB/123512124136/UPI,,"4,000.00",,"40,067.86Cr",,,,,,,,,
8,23/08/21 12:45,23/08/21,"IMPS-MOB/Fund
Trf/123512060388/34116625/15708780395
2/",,,"10,000.00","50,067.86Cr",,,,,,,,,
9,23/08/21 16:54,23/08/21,UPI/MOB/123516144472/UPI,,"15,000.00",,"35,067.86Cr",,,,,,,,,
10,23/08/21 16:54,23/08/21,UPI/MOB/123516152797/UPI,,"15,000.00",,"20,067.86Cr",,,,,,,,,
11,23/08/21 16:54,23/08/21,UPI/MOB/123516158340/UPI,,"10,000.00",,"10,067.86Cr",,,,,,,,,
12,25/08/21 14:34,25/08/21,"REF/POS-VISA/VEER SHYAM
SING/915278/230821",,,7.50,"10,075.36Cr",,,,,,,,,
13,27/08/21 14:24,27/08/21,UPI/MOB/123945522049/AirtelMoney,,750.00,,"9,325.36Cr",,,,,,,,,
14,28/08/21 09:43,28/08/21,"UPI/MOB/124056533467/Earned for using
Google Pay",,,4.00,"9,329.36Cr",,,,,,,,,
15,28/08/21 09:50,28/08/21,UPI/MOB/124056621228/UPI Transaction,,"1,500.00",,"7,829.36Cr",,,,,,,,,
16,28/08/21 10:47,28/08/21,"IMPS-RIB/Fund Trf/124010112785/lav
gupta/157087803952INDB/",,1.00,,"7,828.36Cr",,,,,,,,,
17,28/08/21 12:27,28/08/21,UPI/MOB/124059081155/UPI,,"1,900.00",,"5,928.36Cr",,,,,,,,,
18,28/08/21 12:53,28/08/21,UPI/MOB/124059515849/UPI,,160.00,,"5,768.36Cr",,,,,,,,,
19,28/08/21 14:02,28/08/21,"POS-VISA/UMBRELLA THE SUPER STOZIR
-ZIRA/1240083174",,280.00,,"5,488.36Cr",,,,,,,,,
20,29/08/21 11:11,29/08/21,UPI/MOB/124172854339/UPI,,"1,500.00",,"3,988.36Cr",,,,,,,,,
21,29/08/21 17:40,29/08/21,"POS-VISA/UMBRELLA THE SUPER STOZIR
-ZIRA/1241128294",,235.00,,"3,753.36Cr",,,,,,,,,
22,29/08/21 17:46,29/08/21,"POS-VISA/KRISHAN KUMAR
GARG/124117386816",,700.00,,"3,053.36Cr",,,,,,,,,
23,29/08/21 18:12,29/08/21,"POS-VISA/TRUCK SUPPLIERS CORPORPIN
-PINJ/1241128465",,496.25,,"2,557.11Cr",,,,,,,,,
0,29/08/21 18:36,29/08/21,UPI/MOB/124179052641/AirtelMoney,,100.00,,"2,457.11Cr",,,,,,,,,
1,29/08/21 18:52,29/08/21,UPI/MOB/124179339099/UPI,,150.00,,"2,307.11Cr",,,,,,,,,
2,29/08/21 19:12,29/08/21,UPI/MOB/124179698731/UPI,,260.00,,"2,047.11Cr",,,,,,,,,
3,30/08/21 11:49,30/08/21,UPI/MOB/124291169375/Upi Transaction,,"1,500.00",,547.11Cr,,,,,,,,,
4,30/08/21 12:56,30/08/21,UPI/MOB/124288376914/UPI,,"1,150.00",,602.89Dr,,,,,,,,,
5,30/08/21 13:09,30/08/21,UPI/MOB/124288584022/UPI,,140.00,,742.89Dr,,,,,,,,,
6,30/08/21 14:19,30/08/21,"UPI/MOB/124289689834/ZomatoOnlineOr
der",,143.50,,886.39Dr,,,,,,,,,
7,30/08/21 19:05,30/08/21,"POS-VISA/UMBRELLA THE SUPER STOZIR
-ZIRA/1242132356",,35.00,,921.39Dr,,,,,,,,,
8,30/08/21 19:09,30/08/21,"POS-VISA/KRISHAN KUMAR
GARG/124219328078",,700.00,,"1,621.39Dr",,,,,,,,,
9,31/08/21 11:26,31/08/21,UPI/MOB/124301901364/UPI,,"1,500.00",,"3,121.39Dr",,,,,,,,,
10,31/08/21 15:43,31/08/21,UPI/MOB/124306036029/UPI,,500.00,,"3,621.39Dr",,,,,,,,,
11,31/08/21 21:15,31/08/21,UPI/MOB/124312136745/AirtelMoney,,350.00,,"3,971.39Dr",,,,,,,,,
12,31/08/21 03:39,31/08/21,DEBIT INTEREST TRANSACTION,,1.00,,"3,972.39Dr",,,,,,,,,
13,31/08/21 03:39,31/08/21,MONTHLY SAVINGS INTEREST CREDIT,,,249.00,"3,723.39Dr",,,,,,,,,
14,01/09/21 11:23,01/09/21,UPI/MOB/124418210064/UPI,,"1,500.00",,"5,223.39Dr",,,,,,,,,
15,01/09/21 11:24,01/09/21,UPI/MOB/124418224535/UPI,,,7.00,"5,216.39Dr",,,,,,,,,
16,01/09/21 17:10,01/09/21,"POS-VISA/PARADISE
LIQUORS/124411748883",,700.00,,"5,916.39Dr",,,,,,,,,
17,01/09/21 22:08,01/09/21,UPI/MOB/124429953370/Zomato payment,,254.99,,"6,171.38Dr",,,,,,,,,
18,02/09/21 10:10,02/09/21,"IMPS-INET/Fund
Trf/124510214578/ATULRAI/881039660183
/charukhare",,,"15,000.00","8,828.62Cr",,,,,,,,,
19,02/09/21 11:37,02/09/21,UPI/MOB/124535180801/UPI,,"1,500.00",,"7,328.62Cr",,,,,,,,,
20,03/09/21 10:58,03/09/21,UPI/MOB/124651354378/UPI,,"1,500.00",,"5,828.62Cr",,,,,,,,,
21,03/09/21 19:48,03/09/21,UPI/MOB/124661645393/UPI,,"5,500.00",,328.62Cr,,,,,,,,,
22,03/09/21 22:05,03/09/21,UPI/MOB/124664171064/Zomato payment,,582.00,,253.38Dr,,,,,,,,,
23,04/09/21 11:11,04/09/21,UPI/MOB/124758426497/Upi Transaction,,"1,500.00",,"1,753.38Dr",,,,,,,,,
24,04/09/21 19:15,04/09/21,"POS-VISA/KRISHAN KUMAR
GARG/124719588551",,700.00,,"2,453.38Dr",,,,,,,,,
25,04/09/21 22:02,04/09/21,UPI/MOB/124780563424/Zomato payment,,149.25,,"2,602.63Dr",,,,,,,,,
0,05/09/21 11:58,05/09/21,UPI/MOB/124886366273/UPI,,"1,500.00",,"4,102.63Dr",,,,,,,,,
1,05/09/21 13:15,05/09/21,"UPI/MOB/124887781785/ZomatoOnlineOrd
er",,121.00,,"4,223.63Dr",,,,,,,,,
2,05/09/21 20:08,05/09/21,UPI/MOB/124895063290/UPI,,20.00,,"4,243.63Dr",,,,,,,,,
3,05/09/21 21:30,05/09/21,"UPI/MOB/124896519582/ZomatoOnlineOr
der",,138.25,,"4,381.88Dr",,,,,,,,,
4,06/09/21 08:22,06/09/21,UPI/MOB/124984337586/Upi Transaction,,"1,000.00",,"5,381.88Dr",,,,,,,,,
5,06/09/21 09:57,06/09/21,"POS-VISA/VEER SHYAM SINGH
FILLIPANCHAKU/1249044022",,"1,000.00",,"6,381.88Dr",,,,,,,,,
6,06/09/21 10:50,06/09/21,"IMPS-MOB/Fund
Trf/124910950879/MrANJALIKABHATT/0
0000061313176964/MOBUA0418783840",,,"4,500.00","1,881.88Dr",,,,,,,,,
7,06/09/21 13:55,06/09/21,UPI/MOB/124904860631/UPI,,500.00,,"2,381.88Dr",,,,,,,,,
8,06/09/21 17:10,06/09/21,"POS-VISA/UMBRELLA THE SUPER STOZIR
-ZIRA/1249117746",,600.00,,"2,981.88Dr",,,,,,,,,
9,06/09/21 17:14,06/09/21,"POS-VISA/KRISHAN KUMAR
GARG/124917221984",,700.00,,"3,681.88Dr",,,,,,,,,
10,06/09/21 18:13,06/09/21,"POS-VISA/JAI HIND FILLING
STATISOLAN/124918272254",,500.00,,"4,181.88Dr",,,,,,,,,
11,06/09/21 19:38,06/09/21,UPI/MOB/124913357406/UPI,,200.00,,"4,381.88Dr",,,,,,,,,
12,07/09/21 12:49,07/09/21,UPI/MOB/125023283479/UPI,,"1,470.00",,"5,851.88Dr",,,,,,,,,
13,07/09/21 14:02,07/09/21,POS-VISA/MEHFIL/125008445154,,750.00,,"6,601.88Dr",,,,,,,,,
14,07/09/21 14:36,07/09/21,UPI/MOB/125025338205/UPI,,26.00,,"6,627.88Dr",,,,,,,,,
15,07/09/21 14:53,07/09/21,UPI/MOB/125004015969/Upi Transaction,,"1,000.00",,"7,627.88Dr",,,,,,,,,
16,07/09/21 17:30,07/09/21,UPI/MOB/125006415879/UPI,,,"3,000.00","4,627.88Dr",,,,,,,,,
17,07/09/21 19:27,07/09/21,"POS-VISA/ATO*RAJESH AND
CO/125019302959",,910.00,,"5,537.88Dr",,,,,,,,,
18,07/09/21 19:31,07/09/21,UPI/MOB/125031540115/UPI,,225.00,,"5,762.88Dr",,,,,,,,,
19,08/09/21 15:05,08/09/21,"REF/POS-VISA/VEER SHYAM
SING/565216/060921",,,7.50,"5,755.38Dr",,,,,,,,,
20,08/09/21 15:08,08/09/21,"REF/POS-VISA/JAI HIND
FILLIN/677309/060921",,,3.75,"5,751.63Dr",,,,,,,,,
21,08/09/21 17:41,08/09/21,"ATM-NFS/CASH WITHDRAWAL/SBP
DHARA/125117014583",,"6,000.00",,"11,751.63Dr",,,,,,,,,
22,08/09/21 19:20,08/09/21,UPI/MOB/125149056668/UPI,,50.00,,"11,801.63Dr",,,,,,,,,
23,08/09/21 19:21,08/09/21,"UPI/MOB/125149080748/Rewarded for
making a payment",,,11.00,"11,790.63Dr",,,,,,,,,
0,,,GARG/102918210596,,,,,,,,,,,,,
1,,,"IMPS-RIB/Fund Trf/102920174392/lav
gupta/157087803952INDB/",,,,,,29/01/21,,,"8,000.00",,29/01/21 20:08,,"100,707.61Cr"
2,,,UPI/MOB/103009436927/AirtelMoney,,,,,,30/01/21,,,200.00,,30/01/21 09:01,,"100,507.61Cr"
3,,,"POS-VISA/CHANDEL FILLING
STATIOPARWANOO/1030105087",,,,,,30/01/21,,,500.00,,30/01/21 10:41,,"100,007.61Cr"
4,,,UPI/MOB/103011907334/UPI,,,,,,30/01/21,,,800.00,,30/01/21 11:37,,"99,207.61Cr"
5,,,"POS-VISA/RAMESH
SERVICE/103009422833",,,,,,30/01/21,,,"1,000.00",,30/01/21 14:30,,"98,207.61Cr"
6,,,UPI/MOB/103016318404/UPI,,,,,,30/01/21,,,"4,578.00",,30/01/21 16:34,,"93,629.61Cr"
7,,,"ATM-NFS/CASH WITHDRAWAL/PNB
SHOGH/103016818130",,,,,,30/01/21,,,"5,000.00",,30/01/21 16:46,,"88,629.61Cr"
8,,,"POS-VISA/STERLING HOLIDAY
RESORSHIMLA/103105138153",,,,,,31/01/21,,,"2,852.00",,31/01/21 10:58,,"85,777.61Cr"
9,,,"UPI/MOB/103115389999/UPI Transaction
for 75673737",,,,,,31/01/21,,,"3,975.00",,31/01/21 15:24,,"81,802.61Cr"
10,,,"POS-VISA/HOTEL
MARIGOLD/103211576647",,,,,,01/02/21,,,"1,548.00",,01/02/21 11:39,,"80,254.61Cr"
11,,,"REF/POS-VISA/RAMESH SERVICE
/595429/300121",,,,,,01/02/21,,,,7.50,01/02/21 15:52,,"80,262.11Cr"
12,,,UPI/MOB/103300944455/UPI,,,,,,01/02/21,,,100.00,,01/02/21 00:43,,"80,162.11Cr"
13,,,UPI/MOB/103311899877/UPI,,,,,,02/02/21,,,"2,931.00",,02/02/21 11:38,,"77,231.11Cr"
14,,,"POS-VISA/UMBRELLA THE SUPER STOZIR
-ZIRA/1033076989",,,,,,02/02/21,,,975.00,,02/02/21 12:38,,"76,256.11Cr"
15,,,"IMPS-MOB/Fund
Trf/103314701017/34116625/157087803952
/",,,,,,02/02/21,,,,"19,528.00",02/02/21 14:12,,"95,784.11Cr"
16,,,"REF/POS-VISA/CHANDEL
FILLING/543622/300121",,,,,,02/02/21,,,,3.75,02/02/21 15:08,,"95,787.86Cr"
17,,,POS-VISA/LA FUSION/103315418047,,,,,,02/02/21,,,"1,055.00",,02/02/21 20:51,,"94,732.86Cr"
18,,,"Charge:Cash Wdl at Other
ATM/Inv0612211264876341/30-DEC-2020",,,,,,03/02/21,,,20.00,,03/02/21 07:11,,"94,712.86Cr"
19,,,"CGST on Charge:Cash Wdl at Other
ATM/Inv0612211264876341/30-DEC-2020",,,,,,03/02/21,,,1.80,,03/02/21 07:11,,"94,711.06Cr"
20,,,"SGST on Charge:Cash Wdl at Other
ATM/Inv0612211264876341/30-DEC-2020",,,,,,03/02/21,,,1.80,,03/02/21 07:11,,"94,709.26Cr"
21,,,"UPI/MOB/103409054217/BhartiAirtelServi
cesLimitedOR",,,,,,03/02/21,,,470.00,,03/02/21 09:16,,"94,239.26Cr"
22,,,"Charge:Cash Wdl at Other
ATM/Inv0612211242540101/27-DEC-2020",,,,,,03/02/21,,,20.00,,03/02/21 10:08,,"94,219.26Cr"
0,,,,,,,,,,,,,,,,
1,,,"POS-VISA/ATO*RAJESH AND
CO/125120449716",,,,,,08/09/21,,,350.00,,08/09/21 20:19,,"12,140.63Dr"
2,,,"POS-VISA/ATO*RAJESH AND
CO/125122703016",,,,,,08/09/21,,,190.00,,08/09/21 22:51,,"12,330.63Dr"
3,,,UPI/MOB/125276953049/UPI,,,,,,09/09/21,,,,"2,800.00",09/09/21 06:30,,"9,530.63Dr"
4,,,UPI/MOB/125279537981/UPI,,,,,,09/09/21,,,,"5,000.00",09/09/21 11:10,,"4,530.63Dr"
5,,,"UPI/MOB/125230379836/collect-pay-
request",,,,,,09/09/21,,,"7,760.00",,09/09/21 11:15,,"12,290.63Dr"
6,,,UPI/MOB/125219233204/NA,,,,,,09/09/21,,,,"18,000.00",09/09/21 11:15,,"5,709.37Cr"
7,,,UPI/MOB/125231051791/Upi Transaction,,,,,,09/09/21,,,"1,500.00",,09/09/21 11:59,,"4,209.37Cr"
8,,,UPI/MOB/125258912477/AirtelMoney,,,,,,09/09/21,,,100.00,,09/09/21 12:11,,"4,109.37Cr"
9,,,"POS-VISA/UMBRELLA THE SUPER STOZIR
-ZIRA/1252139435",,,,,,09/09/21,,,871.00,,09/09/21 18:59,,"3,238.37Cr"
10,,,"POS-VISA/KRISHAN KUMAR
GARG/125219069261",,,,,,09/09/21,,,700.00,,09/09/21 19:04,,"2,538.37Cr"
11,,,UPI/MOB/125344230993/Upi Transaction,,,,,,10/09/21,,,"1,500.00",,10/09/21 10:18,,"1,038.37Cr"
12,,,UPI/MOB/125345922609/Upi Transaction,,,,,,10/09/21,,,118.00,,10/09/21 12:16,,920.37Cr
13,,,"ATM-NFS/CASH WITHDRAWAL/PEER
MUCH/125312024664",,,,,,10/09/21,,,"1,500.00",,10/09/21 12:37,,579.63Dr
14,,,"POS-VISA/TRUCK SUPPLIERS CORPORPIN
-PINJ/1253112736",,,,,,10/09/21,,,992.50,,10/09/21 17:22,,"1,572.13Dr"
15,,,UPI/MOB/125382046551/AirtelMoney,,,,,,10/09/21,,,100.00,,10/09/21 18:00,,"1,672.13Dr"
16,,,UPI/MOB/125318095274/UPI,,,,,,10/09/21,,,,"21,000.00",10/09/21 18:15,,"19,327.87Cr"
17,,,UPI/MOB/125382533005/UPI,,,,,,10/09/21,,,290.00,,10/09/21 18:28,,"19,037.87Cr"
18,,,UPI/MOB/125387129112/UPI,,,,,,10/09/21,,,400.00,,10/09/21 23:36,,"18,637.87Cr"
19,,,UPI/MOB/125492041900/UPI,,,,,,11/09/21,,,"1,500.00",,11/09/21 12:19,,"17,137.87Cr"
20,,,"UPI/MOB/125492055303/Earned for using
Google Pay",,,,,,11/09/21,,,,5.00,11/09/21 12:19,,"17,142.87Cr"
21,,,UPI/MOB/125492857417/room rent,,,,,,11/09/21,,,"2,500.00",,11/09/21 13:07,,"14,642.87Cr"
22,,,UPI/MOB/125493013671/UPI,,,,,,11/09/21,,,"1,520.00",,11/09/21 13:17,,"13,122.87Cr"
23,,,UPI/MOB/125494673304/UPI,,,,,,11/09/21,,,60.00,,11/09/21 15:01,,"13,062.87Cr"
24,,,"POS-VISA/ATO*RAJESH AND
CO/125419151471",,,,,,11/09/21,,,750.00,,11/09/21 19:10,,"12,312.87Cr"
0,11/09/21 19:17,11/09/21,UPI/MOB/125499028791/UPI,,230.00,,"12,082.87Cr",,,,,,,,,
1,11/09/21 20:29,11/09/21,UPI/MOB/125414118157/Test,,,1.00,"12,083.87Cr",,,,,,,,,
2,11/09/21 21:15,11/09/21,"UPI/MOB/125414813569/Leh balance
amount",,,"10,500.00","22,583.87Cr",,,,,,,,,
3,11/09/21 21:15,11/09/21,"UPI/MOB/125414820918/Leh balance
amount",,,"10,500.00","33,083.87Cr",,,,,,,,,
4,11/09/21 21:16,11/09/21,"UPI/MOB/125414819384/Leh balance
amount",,,"10,500.00","43,583.87Cr",,,,,,,,,
5,11/09/21 22:53,11/09/21,UPI/MOB/125412538257/UPI,,"10,000.00",,"33,583.87Cr",,,,,,,,,
6,11/09/21 23:18,11/09/21,UPI/MOB/125412737881/UPI,,130.00,,"33,453.87Cr",,,,,,,,,
7,12/09/21 10:12,12/09/21,UPI/MOB/125569597939/Upi Transaction,,"1,500.00",,"31,953.87Cr",,,,,,,,,
8,12/09/21 10:25,12/09/21,"POS-VISA/GOOGLE*
Tinder/125504429663",,650.00,,"31,303.87Cr",,,,,,,,,
9,12/09/21 10:26,12/09/21,"POS-VISA/GOOGLE*
Tinder/125504429982",,349.99,,"30,953.88Cr",,,,,,,,,
10,12/09/21 15:33,12/09/21,POS-VISA/MEHFIL/125510136022,,620.00,,"30,333.88Cr",,,,,,,,,
11,12/09/21 19:26,12/09/21,"POS-VISA/ATO*RAJESH AND
CO/125519119092",,"1,000.00",,"29,333.88Cr",,,,,,,,,
12,12/09/21 19:35,12/09/21,UPI/MOB/125524586904/UPI,,480.00,,"28,853.88Cr",,,,,,,,,
13,12/09/21 19:42,12/09/21,UPI/MOB/125524722939/UPI,,240.00,,"28,613.88Cr",,,,,,,,,
14,12/09/21 22:05,12/09/21,UPI/MOB/125579260862/UPI,,,"14,000.00","42,613.88Cr",,,,,,,,,
15,12/09/21 22:19,12/09/21,UPI/MOB/125527141871/UPI,,380.00,,"42,233.88Cr",,,,,,,,,
16,12/09/21 22:45,12/09/21,UPI/MOB/125579560648/UPI,,,"14,000.00","56,233.88Cr",,,,,,,,,
17,13/09/21 11:08,13/09/21,UPI/MOB/125631692435/UPI Transaction,,"1,500.00",,"54,733.88Cr",,,,,,,,,
18,13/09/21 12:08,13/09/21,UPI/MOB/125632721607/UPI,,"3,500.00",,"51,233.88Cr",,,,,,,,,
19,13/09/21 12:10,13/09/21,"UPI/MOB/125632748584/Earned for using
Google Pay",,,3.00,"51,236.88Cr",,,,,,,,,
20,13/09/21 17:06,13/09/21,UPI/MOB/125635367307/trip,,,"14,000.00","65,236.88Cr",,,,,,,,,
21,13/09/21 17:52,13/09/21,UPI/MOB/125636026328/UPI,,,"27,400.00","92,636.88Cr",,,,,,,,,
22,13/09/21 19:08,13/09/21,UPI/MOB/125640063109/UPI,,53.00,,"92,583.88Cr",,,,,,,,,
23,13/09/21 19:12,13/09/21,"POS-VISA/KRISHAN KUMAR
GARG/125619618825",,700.00,,"91,883.88Cr",,,,,,,,,
24,13/09/21 20:34,13/09/21,"UPI/MOB/125641809092/ZomatoOnlineOr
der",,173.60,,"91,710.28Cr",,,,,,,,,
25,13/09/21 21:57,13/09/21,UPI/MOB/125692462229/Ladakh Trip,,,"14,000.00","105,710.28Cr",,,,,,,,,
0,13/09/21 21:57,13/09/21,"UPI/MOB/125639903213/ladakh trip
amount",,,"14,000.00","119,710.28Cr",,,,,,,,,
1,13/09/21 22:05,13/09/21,UPI/MOB/125639994312/UPI,,,"14,000.00","133,710.28Cr",,,,,,,,,
2,14/09/21 11:41,14/09/21,UPI/MOB/125748949257/UPI,,"2,000.00",,"131,710.28Cr",,,,,,,,,
3,14/09/21 11:41,14/09/21,UPI/MOB/125748957235/UPI,,,6.00,"131,716.28Cr",,,,,,,,,
4,14/09/21 11:44,14/09/21,UPI/MOB/125748996856/UPI,,,"14,000.00","145,716.28Cr",,,,,,,,,
5,14/09/21 13:15,14/09/21,"Charge:Cash Wdl at Other
ATM/Inv0608211914707791/22-AUG-2021/",,20.00,,"145,696.28Cr",,,,,,,,,
6,14/09/21 13:15,14/09/21,"CGST on Charge:Cash Wdl at Other
ATM/Inv0608211914707791/22-AUG-2021/",,1.80,,"145,694.48Cr",,,,,,,,,
7,14/09/21 13:15,14/09/21,"SGST on Charge:Cash Wdl at Other
ATM/Inv0608211914707791/22-AUG-2021/",,1.80,,"145,692.68Cr",,,,,,,,,
8,14/09/21 13:15,14/09/21,"Charge:Cash Wdl at Other
ATM/Inv0608211914596101/22-AUG-2021/",,20.00,,"145,672.68Cr",,,,,,,,,
9,14/09/21 13:15,14/09/21,"CGST on Charge:Cash Wdl at Other
ATM/Inv0608211914596101/22-AUG-2021/",,1.80,,"145,670.88Cr",,,,,,,,,
10,14/09/21 13:15,14/09/21,"SGST on Charge:Cash Wdl at Other
ATM/Inv0608211914596101/22-AUG-2021/",,1.80,,"145,669.08Cr",,,,,,,,,
11,14/09/21 13:15,14/09/21,"Charge:Cash Wdl at Other
ATM/Inv0608211926798121/23-AUG-2021/",,20.00,,"145,649.08Cr",,,,,,,,,
12,14/09/21 13:15,14/09/21,"CGST on Charge:Cash Wdl at Other
ATM/Inv0608211926798121/23-AUG-2021/",,1.80,,"145,647.28Cr",,,,,,,,,
13,14/09/21 13:15,14/09/21,"SGST on Charge:Cash Wdl at Other
ATM/Inv0608211926798121/23-AUG-2021/",,1.80,,"145,645.48Cr",,,,,,,,,
14,14/09/21 13:15,14/09/21,"Charge:Cash Wdl at Other
ATM/Inv0608211926757581/23-AUG-2021/",,20.00,,"145,625.48Cr",,,,,,,,,
15,14/09/21 13:15,14/09/21,"CGST on Charge:Cash Wdl at Other
ATM/Inv0608211926757581/23-AUG-2021/",,1.80,,"145,623.68Cr",,,,,,,,,
16,14/09/21 13:15,14/09/21,"SGST on Charge:Cash Wdl at Other
ATM/Inv0608211926757581/23-AUG-2021/",,1.80,,"145,621.88Cr",,,,,,,,,
17,14/09/21 16:36,14/09/21,"UPI/MOB/125747939954/Payment
Request from MakeMyTr",,"1,609.00",,"144,012.88Cr",,,,,,,,,
18,14/09/21 17:35,14/09/21,UPI/MOB/125754819266/AirtelMoney,,100.00,,"143,912.88Cr",,,,,,,,,
19,14/09/21 17:43,14/09/21,"POS-VISA/TRUCK SUPPLIERS CORPORPIN
-PINJ/1257127777",,992.50,,"142,920.38Cr",,,,,,,,,
20,14/09/21 18:11,14/09/21,UPI/MOB/125755460965/UPI,,170.00,,"142,750.38Cr",,,,,,,,,
21,14/09/21 18:32,14/09/21,"ATM-NFS/CASH WITHDRAWAL/SBP
DHARA/125718023054",,"1,500.00",,"141,250.38Cr",,,,,,,,,
0,14/09/21 18:34,14/09/21,UPI/MOB/125755915665/UPI,,220.00,,"141,030.38Cr",,,,,,,,,
1,14/09/21 20:29,14/09/21,UPI/MOB/125758487563/UPI,,500.00,,"140,530.38Cr",,,,,,,,,
2,14/09/21 21:25,14/09/21,UPI/MOB/125705721368/Ladakh Trip,,,"14,000.00","154,530.38Cr",,,,,,,,,
3,14/09/21 22:48,14/09/21,UPI/MOB/125760643346/UPI,,100.00,,"154,430.38Cr",,,,,,,,,
4,15/09/21 10:37,15/09/21,UPI/MOB/125864550968/UPI,,"1,500.00",,"152,930.38Cr",,,,,,,,,
5,15/09/21 11:53,15/09/21,UPI/MOB/125865845361/food bill,,680.00,,"152,250.38Cr",,,,,,,,,
6,15/09/21 18:21,15/09/21,"IMPS-MOB/Fund
Trf/125818520237/37614420/159915141617
/",,,500.00,"152,750.38Cr",,,,,,,,,
7,15/09/21 18:26,15/09/21,"IMPS-MOB/Fund
Trf/125818522223/37614420/159915141617/",,,400.00,"153,150.38Cr",,,,,,,,,
8,15/09/21 20:32,15/09/21,UPI/MOB/125875397911/UPI,,320.00,,"152,830.38Cr",,,,,,,,,
9,15/09/21 20:47,15/09/21,UPI/MOB/125875696424/UPI,,"2,000.00",,"150,830.38Cr",,,,,,,,,
10,15/09/21 21:09,15/09/21,"UPI/MOB/125876128146/ZomatoOnlineOrd
er",,342.00,,"150,488.38Cr",,,,,,,,,
11,16/09/21 11:14,16/09/21,UPI/MOB/125981988077/UPI,,"1,000.00",,"149,488.38Cr",,,,,,,,,
12,16/09/21 15:37,16/09/21,"REF/POS-VISA/GOOGLE* Tinder
/066243/150921",,,650.00,"150,138.38Cr",,,,,,,,,
13,16/09/21 17:50,16/09/21,"IMPS-RIB/Fund Trf/125917830909/Mr
PHUNCHOK
TSERING/30486475490SBIN/Balanceamo
untgroup",,"38,000.00",,"112,138.38Cr",,,,,,,,,
14,16/09/21 18:49,16/09/21,"POS-VISA/KRISHAN KUMAR
GARG/125918085269",,700.00,,"111,438.38Cr",,,,,,,,,
15,16/09/21 19:20,16/09/21,"UPI/MOB/125990206508/ZomatoOnlineOr
der",,215.00,,"111,223.38Cr",,,,,,,,,
16,16/09/21 22:35,16/09/21,UPI/MOB/125993635754/UPI,,129.00,,"111,094.38Cr",,,,,,,,,
17,16/09/21 23:19,16/09/21,"UPI/MOB/125993996517/ZomatoOnlineOr
der",,277.45,,"110,816.93Cr",,,,,,,,,
18,17/09/21 10:39,17/09/21,UPI/MOB/126097607824/UPI Transaction,,"1,000.00",,"109,816.93Cr",,,,,,,,,
19,17/09/21 19:15,17/09/21,UPI/MOB/126016349341/UPI,,45.00,,"109,771.93Cr",,,,,,,,,
20,17/09/21 19:15,17/09/21,UPI/MOB/126016361077/UPI,,35.00,,"109,736.93Cr",,,,,,,,,
21,17/09/21 19:19,17/09/21,UPI/MOB/126016450111/UPI,,100.00,,"109,636.93Cr",,,,,,,,,
22,17/09/21 19:23,17/09/21,"POS-VISA/KRISHAN KUMAR
GARG/126019991295",,940.00,,"108,696.93Cr",,,,,,,,,
0,17/09/21 21:37,17/09/21,"UPI/MOB/126019137528/ZomatoOnlineOrd
er",,233.45,,"108,463.48Cr",,,,,,,,,
1,17/09/21 22:09,17/09/21,UPI/MOB/126019586313/Zomato payment,,95.00,,"108,368.48Cr",,,,,,,,,
2,18/09/21 10:13,18/09/21,"IMPS-MOB/Fund
Trf/126110234892/37614420/159915141617/",,,"28,394.00","136,762.48Cr",,,,,,,,,
3,18/09/21 11:43,18/09/21,UPI/MOB/126124833910/UPI,,"1,000.00",,"135,762.48Cr",,,,,,,,,
4,18/09/21 12:48,18/09/21,DC 1% CASHBACK CAMPAIGN,,,9.40,"135,771.88Cr",,,,,,,,,
5,18/09/21 17:01,18/09/21,"IMPS-RIB/Fund Trf/126117102102/Mohd
usman/916010042014644UTIB/Kajalshahb
ooking",,"10,000.00",,"125,771.88Cr",,,,,,,,,
6,18/09/21 19:12,18/09/21,"POS-VISA/KRISHAN KUMAR
GARG/126119908871",,170.00,,"125,601.88Cr",,,,,,,,,
7,18/09/21 20:20,18/09/21,UPI/MOB/126133971674/UPI,,180.00,,"125,421.88Cr",,,,,,,,,
8,18/09/21 21:19,18/09/21,"UPI/MOB/126135095913/ZomatoOnlineOrd
er",,192.50,,"125,229.38Cr",,,,,,,,,
9,18/09/21 22:49,18/09/21,UPI/MOB/126136293068/UPI,,129.00,,"125,100.38Cr",,,,,,,,,
10,19/09/21 01:19,19/09/21,UPI/MOB/126237000260/UPI,,166.00,,"124,934.38Cr",,,,,,,,,
11,19/09/21 01:25,19/09/21,"ATM-NFS/CASH WITHDRAWAL/SIB
PANCH/126201371859",,"5,500.00",,"119,434.38Cr",,,,,,,,,
12,19/09/21 01:29,19/09/21,UPI/MOB/126237018859/UPI,,150.00,,"119,284.38Cr",,,,,,,,,
13,19/09/21 09:23,19/09/21,"IMPS-RIB/Fund Trf/126209159827/Mr
PHUNCHOK
TSERING/30486475490SBIN/Kajalbooking
amount",,"20,000.00",,"99,284.38Cr",,,,,,,,,
14,19/09/21 11:42,19/09/21,UPI/MOB/126240929069/UPI Transaction,,"1,000.00",,"98,284.38Cr",,,,,,,,,
15,19/09/21 12:25,19/09/21,UPI/MOB/126241637299/room rent,,"2,000.00",,"96,284.38Cr",,,,,,,,,
16,19/09/21 12:28,19/09/21,"IMPS-RIB/Fund Trf/126212178886/Mr
PHUNCHOK
TSERING/30486475490SBIN/Tempopaym
ent",,"20,000.00",,"76,284.38Cr",,,,,,,,,
17,19/09/21 14:15,19/09/21,"IMPS-RIB/Fund Trf/126214191353/HOTEL
GREENLAND/31483951159SBIN/Kajalshahb
ooking",,"10,000.00",,"66,284.38Cr",,,,,,,,,
18,19/09/21 15:16,19/09/21,UPI/MOB/126244205717/UPI,,"2,726.43",,"63,557.95Cr",,,,,,,,,
19,19/09/21 15:26,19/09/21,UPI/MOB/126244336399/AirtelMoney,,800.00,,"62,757.95Cr",,,,,,,,,
20,19/09/21 16:32,19/09/21,"POS-VISA/KRISHAN KUMAR
GARG/126216641665",,700.00,,"62,057.95Cr",,,,,,,,,
21,19/09/21 17:19,19/09/21,"POS-VISA/CHANDEL FILLING STATIOSOL-
SOLA/1262116967",,"1,000.00",,"61,057.95Cr",,,,,,,,,
0,,,,,,,,,,,,,,,,
1,,,DC 1% CASHBACK CAMPAIGN,,,,,,19/09/21,,,,1.70,19/09/21 18:37,,"61,059.65Cr"
2,,,UPI/MOB/126251670897/UPI,,,,,,19/09/21,,,80.00,,19/09/21 23:31,,"60,979.65Cr"
3,,,UPI/MOB/126353697368/UPI,,,,,,20/09/21,,,"1,000.00",,20/09/21 09:10,,"59,979.65Cr"
4,,,"IMPS-MOB/Fund
Trf/126312768148/37614420/159915141617/",,,,,,20/09/21,,,,"24,177.00",20/09/21 12:26,,"84,156.65Cr"
5,,,"IMPS-RIB/Fund Trf/126312283404/Mr
PHUNCHOK
TSERING/30486475490SBIN/Temlofinalpa
yment",,,,,,20/09/21,,,"4,000.00",,20/09/21 12:28,,"80,156.65Cr"
6,,,DC 1% CASHBACK CAMPAIGN,,,,,,20/09/21,,,,17.00,20/09/21 15:05,,"80,173.65Cr"
7,,,UPI/MOB/126363078582/UPI,,,,,,20/09/21,,,900.00,,20/09/21 18:39,,"79,273.65Cr"
8,,,"IMPS-RIB/Fund Trf/126410414568/Mr
PHUNCHOK
TSERING/30486475490SBIN/Taxipayment",,,,,,21/09/21,,,"10,000.00",,21/09/21 10:27,,"69,273.65Cr"
9,,,"REF/POS-VISA/IOCL 0.75%
CASH/354408/190921",,,,,,21/09/21,,,,7.50,21/09/21 15:58,,"69,281.15Cr"
10,,,UPI/MOB/126478002336/UPI,,,,,,21/09/21,,,"1,000.00",,21/09/21 17:25,,"68,281.15Cr"
11,,,UPI/MOB/126479599511/UPI,,,,,,21/09/21,,,800.00,,21/09/21 18:49,,"67,481.15Cr"
12,,,UPI/MOB/126419348895/UPI,,,,,,21/09/21,,,,150.00,21/09/21 19:14,,"67,631.15Cr"
13,,,"POS-VISA/ATO*RAJESH AND
CO/126420688178",,,,,,21/09/21,,,650.00,,21/09/21 20:33,,"66,981.15Cr"
14,,,UPI/MOB/126482303360/UPI,,,,,,21/09/21,,,515.00,,21/09/21 20:52,,"66,466.15Cr"
15,,,UPI/MOB/126500666748/UPI,,,,,,22/09/21,,,,"10,500.00",22/09/21 09:55,,"76,966.15Cr"
16,,,UPI/MOB/126588103831/UPI,,,,,,22/09/21,,,"5,800.00",,22/09/21 11:10,,"71,166.15Cr"
17,,,UPI/MOB/126503060274/Upi Transaction,,,,,,22/09/21,,,"1,000.00",,22/09/21 12:51,,"70,166.15Cr"
18,,,DC 1% CASHBACK CAMPAIGN,,,,,,22/09/21,,,,6.50,22/09/21 13:07,,"70,172.65Cr"
19,,,"UPI/MOB/126594009516/pangong camp
payment",,,,,,22/09/21,,,"10,000.00",,22/09/21 17:14,,"60,172.65Cr"
20,,,"IMPS-RIB/Fund Trf/126517652223/Mr
PHUNCHOK
TSERING/30486475490SBIN/Tempondinn
ovacar",,,,,,22/09/21,,,"30,000.00",,22/09/21 17:19,,"30,172.65Cr"
21,,,UPI/MOB/126596024545/UPI,,,,,,22/09/21,,,55.00,,22/09/21 18:57,,"30,117.65Cr"
22,,,"POS-VISA/UMBRELLA THE SUPER STOZIR
-ZIRA/1265138095",,,,,,22/09/21,,,149.00,,22/09/21 19:01,,"29,968.65Cr"
0,22/09/21 19:08,22/09/21,"POS-VISA/KRISHAN KUMAR
GARG/126519290455",,700.00,,"29,268.65Cr",,,,,,,,,
1,23/09/21 11:24,23/09/21,UPI/MOB/126614839801/UPI,,"1,000.00",,"28,268.65Cr",,,,,,,,,
2,23/09/21 14:09,23/09/21,DC 1% CASHBACK CAMPAIGN,,,8.49,"28,277.14Cr",,,,,,,,,
3,23/09/21 16:31,23/09/21,UPI/MOB/126619744137/Zomato payment,,306.25,,"27,970.89Cr",,,,,,,,,
4,24/09/21 12:27,24/09/21,UPI/MOB/126732100566/UPI,,"1,000.00",,"26,970.89Cr",,,,,,,,,
5,24/09/21 12:28,24/09/21,"UPI/MOB/126732107914/Earned for using
Google Pay",,,3.00,"26,973.89Cr",,,,,,,,,
6,24/09/21 17:03,24/09/21,"POS-VISA/KRISHAN KUMAR
GARG/126717821089",,"1,120.00",,"25,853.89Cr",,,,,,,,,
7,24/09/21 17:14,24/09/21,UPI/MOB/126717259069/UPI,,,"20,000.00","45,853.89Cr",,,,,,,,,
8,24/09/21 18:13,24/09/21,"IMPS-RIB/Fund Trf/126718974198/Mr
PHUNCHOK
TSERING/30486475490SBIN/Vehiclepaym
ent",,"20,000.00",,"25,853.89Cr",,,,,,,,,
9,24/09/21 18:27,24/09/21,UPI/MOB/126737952404/UPI,,320.00,,"25,533.89Cr",,,,,,,,,
10,25/09/21 01:56,25/09/21,UPI/MOB/126843525518/UPI,,425.00,,"25,108.89Cr",,,,,,,,,
11,25/09/21 12:26,25/09/21,UPI/MOB/126848260298/UPI,,"1,800.00",,"23,308.89Cr",,,,,,,,,
12,25/09/21 12:55,25/09/21,UPI/MOB/126848743490/UPI,,60.00,,"23,248.89Cr",,,,,,,,,
13,25/09/21 13:09,25/09/21,"POS-VISA/PAYU-
www.airtel.in/banGurgaon /1268075330",,100.00,,"23,148.89Cr",,,,,,,,,
14,25/09/21 13:42,25/09/21,DC 1% CASHBACK CAMPAIGN,,,11.20,"23,160.09Cr",,,,,,,,,
15,25/09/21 15:01,25/09/21,"IMPS-RIB/Fund Trf/126815071034/STUTI
KAUSHIK/612010100046534UTIB/Housere
nt",,"14,000.00",,"9,160.09Cr",,,,,,,,,
16,25/09/21 19:20,25/09/21,"POS-VISA/KRISHAN KUMAR
GARG/126819934867",,210.00,,"8,950.09Cr",,,,,,,,,
17,25/09/21 20:09,25/09/21,UPI/MOB/126855516271/UPI,,270.00,,"8,680.09Cr",,,,,,,,,
18,26/09/21 09:25,26/09/21,UPI/MOB/126954239447/Upi Transaction,,"1,000.00",,"7,680.09Cr",,,,,,,,,
19,26/09/21 17:11,26/09/21,"NEFT/IDFBH21269582274/SAROJ
GUPTA/INDB0000006",,78.00,,"7,602.09Cr",,,,,,,,,
20,26/09/21 17:49,26/09/21,"IMPS-RIB/Fund Trf/126917234627/Mr
PHUNCHOK
TSERING/30486475490SBIN/Finalcabpay
ment",,"15,000.00",,"7,397.91Dr",,,,,,,,,
21,26/09/21 19:02,26/09/21,DC 1% CASHBACK CAMPAIGN,,,3.10,"7,394.81Dr",,,,,,,,,
22,26/09/21 19:30,26/09/21,"POS-VISA/KRISHAN KUMAR
GARG/126919851317",,210.00,,"7,604.81Dr",,,,,,,,,
0,,,,,,,,,,,,,,,,
1,,,"CGST on Charge:Cash Wdl at Other
ATM/Inv0612211242540101/27-DEC-2020",,,,,,03/02/21,,,1.80,,03/02/21 10:08,,"94,217.46Cr"
2,,,"SGST on Charge:Cash Wdl at Other
ATM/Inv0612211242540101/27-DEC-2020",,,,,,03/02/21,,,1.80,,03/02/21 10:08,,"94,215.66Cr"
3,,,UPI/MOB/103411129071/UPI,,,,,,03/02/21,,,"1,491.00",,03/02/21 11:48,,"92,724.66Cr"
4,,,UPI/MOB/103419920578/UPI,,,,,,03/02/21,,,"1,000.00",,03/02/21 19:11,,"91,724.66Cr"
5,,,"POS-VISA/CHANDEL FILLING
STATIOPARWANOO/1034192054",,,,,,03/02/21,,,500.00,,03/02/21 19:15,,"91,224.66Cr"
6,,,UPI/MOB/103511336872/UPI,,,,,,04/02/21,,,"2,695.00",,04/02/21 11:18,,"88,529.66Cr"
7,,,"POS-VISA/ATO*RAJESH AND
CO/103513248711",,,,,,04/02/21,,,330.00,,04/02/21 13:25,,"88,199.66Cr"
8,,,UPI/MOB/103515474215/UPI,,,,,,04/02/21,,,350.00,,04/02/21 15:10,,"87,849.66Cr"
9,,,UPI/MOB/103518399505/UPI,,,,,,04/02/21,,,120.00,,04/02/21 18:56,,"87,729.66Cr"
10,,,UPI/MOB/103519728573/UPI,,,,,,04/02/21,,,900.00,,04/02/21 19:07,,"86,829.66Cr"
11,,,UPI/MOB/103519556538/UPI,,,,,,04/02/21,,,"2,000.00",,04/02/21 19:35,,"84,829.66Cr"
12,,,UPI/MOB/103522137089/UPI,,,,,,04/02/21,,,500.00,,04/02/21 22:21,,"84,329.66Cr"
13,,,UPI/MOB/103523325271/UPI,,,,,,04/02/21,,,400.00,,04/02/21 23:33,,"83,929.66Cr"
14,,,UPI/MOB/103523371280/UPI,,,,,,04/02/21,,,240.00,,04/02/21 23:37,,"83,689.66Cr"
15,,,UPI/MOB/103610401050/UPI,,,,,,05/02/21,,,"2,628.00",,05/02/21 10:15,,"81,061.66Cr"
16,,,"ATM-NFS/CASH WITHDRAWAL/SBI
JABLI/103610006280",,,,,,05/02/21,,,"1,000.00",,05/02/21 10:33,,"80,061.66Cr"
17,,,"IMPS-MOB/Fund
Trf/103617061081/34116625/15708780395
2/",,,,,,05/02/21,,,,"4,882.00",05/02/21 17:59,,"84,943.66Cr"
18,,,"POS-VISA/KRISHAN KUMAR
GARG/103618381041",,,,,,05/02/21,,,250.00,,05/02/21 18:31,,"84,693.66Cr"
19,,,"POS-VISA/PARADISE
LIQUORS/103710410529",,,,,,06/02/21,,,900.00,,06/02/21 16:06,,"83,793.66Cr"
20,,,"REF/POS-VISA/CHANDEL
FILLING/432388/030221",,,,,,06/02/21,,,,3.75,06/02/21 17:24,,"83,797.41Cr"
21,,,"ATM-NFS/CASH
WITHDRAWAL/INDUSIND/103719007151",,,,,,06/02/21,,,"8,000.00",,06/02/21 19:43,,"75,797.41Cr"
22,,,UPI/MOB/103721996887/UPI,,,,,,06/02/21,,,"8,844.00",,06/02/21 21:32,,"66,953.41Cr"
23,,,UPI/MOB/103721435695/UPI,,,,,,06/02/21,,,265.00,,06/02/21 21:51,,"66,688.41Cr"
0,06/02/21 22:00,06/02/21,UPI/MOB/103722655337/UPI,,400.00,,"66,288.41Cr",,,,,,,,,
1,07/02/21 08:21,07/02/21,UPI/MOB/103808239455/UPI Transaction,,"1,000.00",,"65,288.41Cr",,,,,,,,,
2,07/02/21 20:17,07/02/21,UPI/MOB/103820421796/UPI,,450.00,,"64,838.41Cr",,,,,,,,,
3,08/02/21 18:06,08/02/21,"POS-VISA/JAI MATA
ENTERPRISES/103912524502",,550.00,,"64,288.41Cr",,,,,,,,,
4,08/02/21 20:48,08/02/21,POS-VISA/LA FUSION/103915594473,,934.00,,"63,354.41Cr",,,,,,,,,
5,08/02/21 21:27,08/02/21,UPI/MOB/103921532376/ATOM,,"20,000.00",,"43,354.41Cr",,,,,,,,,
6,08/02/21 21:29,08/02/21,UPI/MOB/103921556307/ATOM,,"5,200.00",,"38,154.41Cr",,,,,,,,,
7,09/02/21 12:00,09/02/21,"UPI/MOB/104011566570/IndiGo Google
Pay Payment",,498.00,,"37,656.41Cr",,,,,,,,,
8,09/02/21 17:15,09/02/21,UPI/MOB/104017151649/udhaar,,"1,500.00",,"36,156.41Cr",,,,,,,,,
9,09/02/21 17:52,09/02/21,"ATM-NFS/CASH
WITHDRAWAL/INDUSIND/104017014896",,"1,500.00",,"34,656.41Cr",,,,,,,,,
10,09/02/21 18:02,09/02/21,"POS-VISA/KRISHAN KUMAR
GARG/104018917372",,250.00,,"34,406.41Cr",,,,,,,,,
11,09/02/21 20:35,09/02/21,"POS-VISA/TRUCK SUPPLIERS
CORPORPINJORE /1040151982",,"1,000.00",,"33,406.41Cr",,,,,,,,,
12,09/02/21 21:09,09/02/21,"POS-VISA/ATO*RAJESH AND
CO/104021772459",,470.00,,"32,936.41Cr",,,,,,,,,
13,10/02/21 08:19,10/02/21,"Charge:Cash Wdl at Other
ATM/Inv0601211503449781/18-JAN-2021",,20.00,,"32,916.41Cr",,,,,,,,,
14,10/02/21 08:19,10/02/21,"CGST on Charge:Cash Wdl at Other
ATM/Inv0601211503449781/18-JAN-2021",,1.80,,"32,914.61Cr",,,,,,,,,
15,10/02/21 08:19,10/02/21,"SGST on Charge:Cash Wdl at Other
ATM/Inv0601211503449781/18-JAN-2021",,1.80,,"32,912.81Cr",,,,,,,,,
16,10/02/21 09:24,10/02/21,"Charge:Cash Wdl at Other
ATM/Inv0601211539390091/23-JAN-2021",,20.00,,"32,892.81Cr",,,,,,,,,
17,10/02/21 09:24,10/02/21,"CGST on Charge:Cash Wdl at Other
ATM/Inv0601211539390091/23-JAN-2021",,1.80,,"32,891.01Cr",,,,,,,,,
18,10/02/21 09:24,10/02/21,"SGST on Charge:Cash Wdl at Other
ATM/Inv0601211539390091/23-JAN-2021",,1.80,,"32,889.21Cr",,,,,,,,,
19,10/02/21 10:20,10/02/21,"Charge:Cash Wdl at Other
ATM/Inv0601211566983631/27-JAN-2021",,20.00,,"32,869.21Cr",,,,,,,,,
20,10/02/21 10:20,10/02/21,"CGST on Charge:Cash Wdl at Other
ATM/Inv0601211566983631/27-JAN-2021",,1.80,,"32,867.41Cr",,,,,,,,,
21,10/02/21 10:20,10/02/21,"SGST on Charge:Cash Wdl at Other
ATM/Inv0601211566983631/27-JAN-2021",,1.80,,"32,865.61Cr",,,,,,,,,
22,10/02/21 10:46,10/02/21,UPI/MOB/104110954847/UPI,,"2,000.00",,"30,865.61Cr",,,,,,,,,
0,10/02/21 10:56,10/02/21,UPI/MOB/104110209519/UPI,,268.00,,"30,597.61Cr",,,,,,,,,
1,10/02/21 11:09,10/02/21,"Charge:Cash Wdl at Other
ATM/Inv0601211592168141/30-JAN-2021",,20.00,,"30,577.61Cr",,,,,,,,,
2,10/02/21 11:09,10/02/21,"CGST on Charge:Cash Wdl at Other
ATM/Inv0601211592168141/30-JAN-2021",,1.80,,"30,575.81Cr",,,,,,,,,
3,10/02/21 11:09,10/02/21,"SGST on Charge:Cash Wdl at Other
ATM/Inv0601211592168141/30-JAN-2021",,1.80,,"30,574.01Cr",,,,,,,,,
4,10/02/21 13:49,10/02/21,UPI/MOB/104113892362/UPI,,500.00,,"30,074.01Cr",,,,,,,,,
5,10/02/21 21:32,10/02/21,UPI/MOB/104121357493/UPI,,"1,200.00",,"28,874.01Cr",,,,,,,,,
6,11/02/21 07:44,11/02/21,UPI/MOB/104207465503/UPI Transaction,,"1,000.00",,"27,874.01Cr",,,,,,,,,
7,11/02/21 14:12,11/02/21,"IMPS-MOB/Fund
Trf/104214379380/34116625/15708780395
2/",,,"43,938.00","71,812.01Cr",,,,,,,,,
8,11/02/21 15:48,11/02/21,"REF/POS-VISA/HPCL 0.75%
CASH/642547/090221",,,7.50,"71,819.51Cr",,,,,,,,,
9,11/02/21 20:03,11/02/21,UPI/MOB/104220217559/UPI,,190.00,,"71,629.51Cr",,,,,,,,,
10,11/02/21 20:07,11/02/21,"POS-VISA/KRISHAN KUMAR
GARG/104220205903",,170.00,,"71,459.51Cr",,,,,,,,,
11,12/02/21 11:13,12/02/21,"IMPS-RIB/Fund Trf/104311322202/lav
gupta/157087803952INDB/",,"5,000.00",,"66,459.51Cr",,,,,,,,,
12,12/02/21 12:23,12/02/21,"UPI/MOB/104312040035/Vacation Labs
Sunset Cruise o",,"1,714.50",,"64,745.01Cr",,,,,,,,,
13,12/02/21 18:15,12/02/21,"POS-VISA/KRISHAN KUMAR
GARG/104318735822",,150.00,,"64,595.01Cr",,,,,,,,,
14,13/02/21 09:10,13/02/21,"UPI/MOB/104409506875/Zomato
payment",,190.00,,"64,405.01Cr",,,,,,,,,
15,13/02/21 12:02,13/02/21,UPI/MOB/104412382423/ATOM,,"13,720.00",,"50,685.01Cr",,,,,,,,,
16,13/02/21 12:16,13/02/21,"UPI/MOB/104412504846/Vacation Labs
Sunset Cruise o",,571.50,,"50,113.51Cr",,,,,,,,,
17,13/02/21 12:42,13/02/21,UPI/MOB/104412218487/Upi Transaction,,"1,000.00",,"49,113.51Cr",,,,,,,,,
18,13/02/21 19:46,13/02/21,UPI/MOB/104419739898/UberRide,,348.00,,"48,765.51Cr",,,,,,,,,
19,13/02/21 00:01,13/02/21,"POS-VISA/THE BREW
ESTATE/104518018852",,"2,979.00",,"45,786.51Cr",,,,,,,,,
20,14/02/21 00:50,14/02/21,"POS-VISA/THE BREW
ESTATE/104519025554",,"1,940.00",,"43,846.51Cr",,,,,,,,,
21,14/02/21 00:55,14/02/21,"POS-VISA/THE BREW
ESTATE/104519026038",,766.00,,"43,080.51Cr",,,,,,,,,
22,14/02/21 12:28,14/02/21,UPI/MOB/104512971739/UPI,,"1,390.00",,"41,690.51Cr",,,,,,,,,
